@string{june = {June}}

@article{1979ApJ...228..939C,
 adsnote = {Provided by the SAO/NASA Astrophysics Data System},
 adsurl = {https://ui.adsabs.harvard.edu/abs/1979ApJ...228..939C},
 author = {{Cash}, W.},
 doi = {10.1086/156922},
 journal = {\apj},
 keywords = {Astronomical Models, Data Processing, Parameterization, Statistical Analysis, Confidence Limits, Data Sampling, Galactic Clusters, Normal Density Functions, Photons, X Ray Telescopes, Astronomy, Mathematics, Computing, Data Processing},
 month = {March},
 pages = {939-947},
 title = {{Parameter estimation in astronomy through application of the likelihood ratio.}},
 volume = {228},
 year = {1979}
}

@article{1989ApJS...70..623G,
 adsnote = {Provided by the SAO/NASA Astrophysics Data System},
 adsurl = {https://ui.adsabs.harvard.edu/abs/1989ApJS...70..623G},
 author = {{Gray}, R.~O. and {Garrison}, R.~F.},
 doi = {10.1086/191349},
 journal = {\apjs},
 keywords = {A Stars, Astronomical Catalogs, Early Stars, Stellar Rotation, Stellar Spectrophotometry, Stellar Luminosity, Stellar Temperature, Ubv Spectra, Astrophysics, PHOTOMETRY, STARS: EARLY-TYPE, STARS: ROTATION, STARS: SPECTRAL CLASSIFICATION},
 month = {July},
 pages = {623},
 title = {{The Late A-Type Stars: Refined MK Classification, Confrontation with Stroemgren Photometry, and the Effects of Rotation}},
 volume = {70},
 year = {1989}
}

@article{1991ApJ...374..344K,
 adsnote = {Provided by the SAO/NASA Astrophysics Data System},
 adsurl = {https://ui.adsabs.harvard.edu/abs/1991ApJ...374..344K},
 author = {{Kraft}, Ralph P. and {Burrows}, David N. and {Nousek}, John A.},
 doi = {10.1086/170124},
 journal = {\apj},
 keywords = {Bayes Theorem, Confidence Limits, Photon Density, Poisson Density Functions, Supernova 1987a, Charge Coupled Devices, Error Analysis, Gamma Ray Astronomy, Probability Distribution Functions, STATISTICS AND PROBABILITY, GAMMA RAYS: GENERAL, NUMERICAL METHODS, X-RAYS: GENERAL},
 month = {June},
 pages = {344},
 title = {{Determination of Confidence Limits for Experiments with Low Numbers of Counts}},
 volume = {374},
 year = {1991}
}

@article{1991ApJ...383L..79J,
 adsnote = {Provided by the SAO/NASA Astrophysics Data System},
 adsurl = {https://ui.adsabs.harvard.edu/abs/1991ApJ...383L..79J},
 author = {{Jura}, M.},
 doi = {10.1086/186246},
 journal = {\apjl},
 keywords = {A Stars, Cosmic Dust, Main Sequence Stars, Stellar Envelopes, Infrared Astronomy Satellite, Optical Thickness, Astrophysics, STARS: CIRCUMSTELLAR SHELLS, STARS: PLANETARY SYSTEMS},
 month = {December},
 pages = {L79},
 title = {{The Dust Debris around HR 4796}},
 volume = {383},
 year = {1991}
}

@article{1995ApJ...439.1011F,
 adsnote = {Provided by the SAO/NASA Astrophysics Data System},
 adsurl = {https://ui.adsabs.harvard.edu/abs/1995ApJ...439.1011F},
 author = {{Ferrero}, R. Freire and {Gouttebroze}, P. and {Catalano}, S. and {Marilli}, E. and {Bruhweiler}, F. and {Kondo}, Y. and {van der Hucht}, K. and {Talavera}, A.},
 doi = {10.1086/175238},
 journal = {\apj},
 keywords = {A Stars, Chromosphere, Emission Spectra, Lyman Alpha Radiation, Stellar Gravitation, Stellar Models, Stellar Temperature, Data Reduction, Numerical Analysis, Spectrum Analysis, X Ray Analysis, Astrophysics, STARS: CHROMOSPHERES, STARS: INDIVIDUAL CONSTELLATION NAME: ALPHA AQUILAE, ULTRAVIOLET: STARS},
 month = {February},
 pages = {1011},
 title = {{Chromospheric Models for ALTAIR (A7 IV--V)}},
 volume = {439},
 year = {1995}
}

@article{1995ApJS...99..135A,
 adsnote = {Provided by the SAO/NASA Astrophysics Data System},
 adsurl = {https://ui.adsabs.harvard.edu/abs/1995ApJS...99..135A},
 author = {{Abt}, Helmut A. and {Morrell}, Nidia I.},
 doi = {10.1086/192182},
 journal = {\apjs},
 keywords = {STARS: CHEMICALLY PECULIAR, STARS: EARLY-TYPE, STARS: FUNDAMENTAL PARAMETERS, STARS: ROTATION},
 month = {July},
 pages = {135},
 title = {{The Relation between Rotational Velocities and Spectral Peculiarities among A-Type Stars}},
 volume = {99},
 year = {1995}
}

@article{1995MNRAS.272..528T,
 adsnote = {Provided by the SAO/NASA Astrophysics Data System},
 adsurl = {https://ui.adsabs.harvard.edu/abs/1995MNRAS.272..528T},
 author = {{Tout}, C.~A. and {Pringle}, J.~E.},
 doi = {10.1093/mnras/272.3.528},
 journal = {\mnras},
 keywords = {MAGNETIC FIELDS-, STARS: CORONAE, STARS: EMISSION-LINE, BE, X-RAYS: STARS},
 month = {February},
 number = {3},
 pages = {528-530},
 title = {{X-ray coronae from dynamos in young Ae/Be stars}},
 volume = {272},
 year = {1995}
}

@article{1996A&AS..118..481B,
 adsnote = {Provided by the SAO/NASA Astrophysics Data System},
 adsurl = {https://ui.adsabs.harvard.edu/abs/1996A&AS..118..481B},
 author = {{Berghoefer}, T.~W. and {Schmitt}, J.~H.~M.~M. and {Cassinelli}, J.~P.},
 journal = {\aaps},
 keywords = {STARS: EARLY-TYPE, X-RAYS: STARS},
 month = {September},
 pages = {481-494},
 title = {{The ROSAT all-sky survey catalogue of optically bright OB-type stars.}},
 volume = {118},
 year = {1996}
}

@article{1997A&A...318..215S,
 adsnote = {Provided by the SAO/NASA Astrophysics Data System},
 adsurl = {https://ui.adsabs.harvard.edu/abs/1997A&A...318..215S},
 author = {{Schmitt}, J.~H.~M.~M.},
 journal = {\aap},
 keywords = {STARS: X-RAYS, CORONAE, NEARBY STARS},
 month = {February},
 pages = {215-230},
 title = {{Coronae on solar-like stars.}},
 volume = {318},
 year = {1997}
}

@article{1997A&A...322..167B,
 adsnote = {Provided by the SAO/NASA Astrophysics Data System},
 adsurl = {https://ui.adsabs.harvard.edu/abs/1997A&A...322..167B},
 author = {{Berghoefer}, T.~W. and {Schmitt}, J.~H.~M.~M. and {Danner}, R. and {Cassinelli}, J.~P.},
 journal = {\aap},
 keywords = {STARS: EARLY-TYPE, X-RAYS: STARS, STARS: MASS LOSS},
 month = {June},
 pages = {167-174},
 title = {{X-ray properties of bright OB-type stars detected in the ROSAT all-sky survey.}},
 volume = {322},
 year = {1997}
}

@article{1997A&A...323..121B,
 adsnote = {Provided by the SAO/NASA Astrophysics Data System},
 adsurl = {https://ui.adsabs.harvard.edu/abs/1997A&A...323..121B},
 author = {{Babel}, J. and {Montmerle}, T.},
 journal = {\aap},
 keywords = {X-RAYS: STARS, STARS: MASS LOSS, STARS: MAGNETIC FIELDS, STARS: CHEMICALLY PECULIAR, STARS: INDIVIDUAL: HD 34452},
 month = {July},
 pages = {121-138},
 title = {{X-ray emission from Ap-Bp stars: a magnetically confined wind-shock model for IQ Aur.}},
 volume = {323},
 year = {1997}
}

@article{1997A&AS..125..149D,
 adsnote = {Provided by the SAO/NASA Astrophysics Data System},
 adsurl = {https://ui.adsabs.harvard.edu/abs/1997A&AS..125..149D},
 author = {{Dere}, K.~P. and {Landi}, E. and {Mason}, H.~E. and {Monsignori Fossi}, B.~C. and {Young}, P.~R.},
 doi = {10.1051/aas:1997368},
 journal = {\aaps},
 keywords = {ATOMIC DATA, ASTRONOMICAL DATA BASES: MISCELLANEOUS, ULTRAVIOLET: GENERAL, SUN: ATMOSPHERE, STARS: ATMOSPHERE},
 month = {October},
 pages = {149-173},
 title = {{CHIANTI - an atomic database for emission lines}},
 volume = {125},
 year = {1997}
}

@article{1997JGR...102.1641A,
 adsnote = {Provided by the SAO/NASA Astrophysics Data System},
 adsurl = {https://ui.adsabs.harvard.edu/abs/1997JGR...102.1641A},
 author = {{Ayres}, Thomas R.},
 doi = {10.1029/96JE03306},
 journal = {\jgr},
 keywords = {Planetology: Solid Surface Planets: Atmospheres-evolution, Planetology: Solar System Objects: Mars, Solar Physics, Astrophysics, and Astronomy: Solar and stellar variability, and Astronomy: Solar irradiance},
 month = {January},
 number = {E1},
 pages = {1641-1652},
 title = {{Evolution of the solar ionizing flux}},
 volume = {102},
 year = {1997}
}

@article{1998A&A...339..831B,
 adsnote = {Provided by the SAO/NASA Astrophysics Data System},
 adsurl = {https://ui.adsabs.harvard.edu/abs/1998A&A...339..831B},
 archiveprefix = {arXiv},
 author = {{Barrado y Navascues}, D.},
 eprint = {astro-ph/9905243},
 journal = {\aap},
 keywords = {STARS: INDIVIDUAL: HD 216956, STARS: INDIVIDUAL: HD 172167, GALAXY: OPEN CLUSTERS AND ASSOCIATIONS: GENERAL, Astrophysics},
 month = {November},
 pages = {831-839},
 primaryclass = {astro-ph},
 title = {{The Castor moving group. The age of Fomalhaut and VEGA}},
 volume = {339},
 year = {1998}
}

@article{1999AJ....118.2993G,
 adsnote = {Provided by the SAO/NASA Astrophysics Data System},
 adsurl = {https://ui.adsabs.harvard.edu/abs/1999AJ....118.2993G},
 author = {{Gray}, Richard O. and {Kaye}, Anthony B.},
 doi = {10.1086/301134},
 journal = {\aj},
 keywords = {STARS: ABUNDANCES, STARS: CHEMICALLY PECULIAR, STARS: INDIVIDUAL (HR 8799), STARS: VARIABLES: OTHER},
 month = {December},
 number = {6},
 pages = {2993-2996},
 title = {{HR 8799: A Link between {\ensuremath{\gamma}} Doradus Variables and {\ensuremath{\lambda}} Bootis Stars}},
 volume = {118},
 year = {1999}
}

@article{1999ApJ...512L..63W,
 adsnote = {Provided by the SAO/NASA Astrophysics Data System},
 adsurl = {https://ui.adsabs.harvard.edu/abs/1999ApJ...512L..63W},
 archiveprefix = {arXiv},
 author = {{Webb}, R.~A. and {Zuckerman}, B. and {Platais}, I. and {Patience}, J. and {White}, R.~J. and {Schwartz}, M.~J. and {McCarthy}, C.},
 doi = {10.1086/311856},
 eprint = {astro-ph/9812189},
 journal = {\apjl},
 keywords = {GALAXY: OPEN CLUSTERS AND ASSOCIATIONS: INDIVIDUAL: NAME: TW HYDRAE, STARS: LOW-MASS, BROWN DWARFS, STARS: PRE-MAIN-SEQUENCE, X-RAYS: STARS, Galaxy: Open Clusters and Associations: Individual: Name: TW Hydrae, Stars: Low-Mass, Brown Dwarfs, Stars: Pre-Main-Sequence, X-Rays: Stars, Astrophysics},
 month = {February},
 number = {1},
 pages = {L63-L67},
 primaryclass = {astro-ph},
 title = {{Discovery of Seven T Tauri Stars and a Brown Dwarf Candidatein the Nearby TW Hydrae Association}},
 volume = {512},
 year = {1999}
}

@article{1999ApJ...522.1053C,
 adsnote = {Provided by the SAO/NASA Astrophysics Data System},
 adsurl = {https://ui.adsabs.harvard.edu/abs/1999ApJ...522.1053C},
 author = {{Cuntz}, M. and {Rammacher}, W. and {Ulmschneider}, P. and {Musielak}, Z.~E. and {Saar}, S.~H.},
 doi = {10.1086/307689},
 journal = {\apj},
 keywords = {LINE: FORMATION, MAGNETOHYDRODYNAMICS: MHD, STARS: ACTIVITY, STARS: CHROMOSPHERES, STARS: LATE-TYPE, STARS: ROTATION, Line: Formation, Magnetohydrodynamics: MHD, Stars: Activity, Stars: Chromospheres, Stars: Late-Type, Stars: Rotation},
 month = {September},
 number = {2},
 pages = {1053-1068},
 title = {{Two-Component Theoretical Chromosphere Models for K Dwarfs of Different Magnetic Activity: Exploring the Ca II Emission-Stellar Rotation Relationship}},
 volume = {522},
 year = {1999}
}

@article{2000A&A...359..227H,
 adsnote = {Provided by the SAO/NASA Astrophysics Data System},
 adsurl = {https://ui.adsabs.harvard.edu/abs/2000A&A...359..227H},
 archiveprefix = {arXiv},
 author = {{Hu{\'e}lamo}, N. and {Neuh{\"a}user}, R. and {Stelzer}, B. and {Supper}, R. and {Zinnecker}, H.},
 eprint = {astro-ph/0005348},
 journal = {\aap},
 keywords = {STARS: BINARIES: VISUAL, STARS: EARLY-TYPE, STARS: PRE-MAIN SEQUENCE, STARS: INDIVIDUAL: HR 4796, X-RAYS: STARS, Astrophysics},
 month = {July},
 pages = {227-241},
 primaryclass = {astro-ph},
 title = {{X-ray emission from Lindroos binary systems}},
 volume = {359},
 year = {2000}
}

@article{2000A&AS..143....9W,
 adsnote = {Provided by the SAO/NASA Astrophysics Data System},
 adsurl = {https://ui.adsabs.harvard.edu/abs/2000A&AS..143....9W},
 archiveprefix = {arXiv},
 author = {{Wenger}, M. and {Ochsenbein}, F. and {Egret}, D. and {Dubois}, P. and {Bonnarel}, F. and {Borde}, S. and {Genova}, F. and {Jasniewicz}, G. and {Lalo{\"e}}, S. and {Lesteven}, S. and {Monier}, R.},
 doi = {10.1051/aas:2000332},
 eprint = {astro-ph/0002110},
 journal = {\aaps},
 keywords = {ASTRONOMICAL DATA BASES: MISCELLANEOUS, CATALOGS, Astrophysics},
 month = {April},
 pages = {9-22},
 primaryclass = {astro-ph},
 title = {{The SIMBAD astronomical database. The CDS reference database for astronomical objects}},
 volume = {143},
 year = {2000}
}

@article{2000A&AS..143...23O,
 adsnote = {Provided by the SAO/NASA Astrophysics Data System},
 adsurl = {https://ui.adsabs.harvard.edu/abs/2000A&AS..143...23O},
 archiveprefix = {arXiv},
 author = {{Ochsenbein}, F. and {Bauer}, P. and {Marcout}, J.},
 doi = {10.1051/aas:2000169},
 eprint = {astro-ph/0002122},
 journal = {\aaps},
 keywords = {ASTRONOMICAL DATA BASES: MISCELLANEOUS, CATALOGS, Astrophysics},
 month = {April},
 pages = {23-32},
 primaryclass = {astro-ph},
 title = {{The VizieR database of astronomical catalogues}},
 volume = {143},
 year = {2000}
}

@inproceedings{2000ASPC..210..187C,
 adsnote = {Provided by the SAO/NASA Astrophysics Data System},
 adsurl = {https://ui.adsabs.harvard.edu/abs/2000ASPC..210..187C},
 author = {{Christensen-Dalsgaard}, J.},
 booktitle = {Delta Scuti and Related Stars},
 editor = {{Breger}, Michel and {Montgomery}, Michael},
 month = {January},
 pages = {187},
 series = {Astronomical Society of the Pacific Conference Series},
 title = {{An Introduction to the Theory of {\ensuremath{\delta}} Scuti Stars}},
 volume = {210},
 year = {2000}
}

@book{2000ssma.book.....S,
 adsnote = {Provided by the SAO/NASA Astrophysics Data System},
 adsurl = {https://ui.adsabs.harvard.edu/abs/2000ssma.book.....S},
 author = {{Schrijver}, Carolus J. and {Zwaan}, Cornelis},
 title = {{Solar and Stellar Magnetic Activity}},
 year = {2000}
}

@article{2001ApJ...562L..87Z,
 adsnote = {Provided by the SAO/NASA Astrophysics Data System},
 adsurl = {https://ui.adsabs.harvard.edu/abs/2001ApJ...562L..87Z},
 author = {{Zuckerman}, B. and {Song}, Inseok and {Bessell}, M.~S. and {Webb}, R.~A.},
 doi = {10.1086/337968},
 journal = {\apjl},
 keywords = {Galaxy: Open Clusters and Associations: Individual: Name: {\ensuremath{\beta}} Pictoris, Stars: Kinematics, Stars: Pre-Main-Sequence},
 month = {November},
 number = {1},
 pages = {L87-L90},
 title = {{The {\ensuremath{\beta}} Pictoris Moving Group}},
 volume = {562},
 year = {2001}
}

@article{2001MNRAS.323..402L,
 adsnote = {Provided by the SAO/NASA Astrophysics Data System},
 adsurl = {https://ui.adsabs.harvard.edu/abs/2001MNRAS.323..402L},
 archiveprefix = {arXiv},
 author = {{Larwood}, J.~D. and {Kalas}, P.~G.},
 doi = {10.1046/j.1365-8711.2001.04212.x},
 eprint = {astro-ph/0011279},
 journal = {\mnras},
 keywords = {STELLAR DYNAMICS, CELESTIAL MECHANICS, CIRCUMSTELLAR MATTER, STARS: INDIVIDUAL: {\ensuremath{\beta}} PIC, PLANETARY SYSTEMS, Astrophysics},
 month = {May},
 number = {2},
 pages = {402-416},
 primaryclass = {astro-ph},
 title = {{Close stellar encounters with planetesimal discs: the dynamics of asymmetry in the {\ensuremath{\beta}} Pictoris system}},
 volume = {323},
 year = {2001}
}

@article{2002A&A...381..923S,
 adsnote = {Provided by the SAO/NASA Astrophysics Data System},
 adsurl = {https://ui.adsabs.harvard.edu/abs/2002A&A...381..923S},
 archiveprefix = {arXiv},
 author = {{Spruit}, H.~C.},
 doi = {10.1051/0004-6361:20011465},
 eprint = {astro-ph/0108207},
 journal = {\aap},
 keywords = {MAGNETOHYDRODYNAMICS (MHD), STARS: MAGNETIC FIELDS, INSTABILITIES, Astrophysics},
 month = {January},
 pages = {923-932},
 primaryclass = {astro-ph},
 title = {{Dynamo action by differential rotation in a stably stratified stellar interior}},
 volume = {381},
 year = {2002}
}

@article{2002A&A...386..983F,
 adsnote = {Provided by the SAO/NASA Astrophysics Data System},
 adsurl = {https://ui.adsabs.harvard.edu/abs/2002A&A...386..983F},
 author = {{Fawzy}, D. and {Ulmschneider}, P. and {St{\c{e}}pie{\'n}}, K. and {Musielak}, Z.~E. and {Rammacher}, W.},
 doi = {10.1051/0004-6361:20020265},
 journal = {\aap},
 keywords = {methods: numerical, stars: chromospheres, stars: coronae, stars: magnetic fields, MHD, waves},
 month = {May},
 pages = {983-993},
 title = {{Acoustic and magnetic wave heating in stars . II. On the range of chromospheric activity}},
 volume = {386},
 year = {2002}
}

@article{2002A&A...393..897R,
 adsnote = {Provided by the SAO/NASA Astrophysics Data System},
 adsurl = {https://ui.adsabs.harvard.edu/abs/2002A&A...393..897R},
 archiveprefix = {arXiv},
 author = {{Royer}, F. and {Grenier}, S. and {Baylac}, M. -O. and {G{\'o}mez}, A.~E. and {Zorec}, J.},
 doi = {10.1051/0004-6361:20020943},
 eprint = {astro-ph/0205255},
 journal = {\aap},
 keywords = {techniques: spectroscopic, stars: early-type, stars: rotation, Astrophysics},
 month = {October},
 pages = {897-911},
 primaryclass = {astro-ph},
 title = {{Rotational velocities of A-type stars in the northern hemisphere. II. Measurement of v sin i}},
 volume = {393},
 year = {2002}
}

@article{2002ApJ...576L.149R,
 adsnote = {Provided by the SAO/NASA Astrophysics Data System},
 adsurl = {https://ui.adsabs.harvard.edu/abs/2002ApJ...576L.149R},
 archiveprefix = {arXiv},
 author = {{Raga}, A.~C. and {Noriega-Crespo}, A. and {Vel{\'a}zquez}, P.~F.},
 doi = {10.1086/343760},
 eprint = {astro-ph/0208079},
 journal = {\apjl},
 keywords = {ISM: Herbig-Haro Objects, ISM: Individual: Alphanumeric: HH 2, ISM: Individual: Alphanumeric: HH 80-81, ISM: Jets and Outflows, ISM: Kinematics and Dynamics, Shock Waves, Astrophysics},
 month = {September},
 number = {2},
 pages = {L149-L152},
 primaryclass = {astro-ph},
 title = {{The X-Ray Luminosities of Herbig-Haro Objects}},
 volume = {576},
 year = {2002}
}

@article{2002ApJ...579..800S,
 adsnote = {Provided by the SAO/NASA Astrophysics Data System},
 adsurl = {https://ui.adsabs.harvard.edu/abs/2002ApJ...579..800S},
 author = {{Simon}, Theodore and {Ayres}, Thomas R. and {Redfield}, Seth and {Linsky}, Jeffrey L.},
 doi = {10.1086/342941},
 journal = {\apj},
 keywords = {Stars: Activity, Stars: Chromospheres, Stars: Late-Type, Ultraviolet: Stars},
 month = {November},
 number = {2},
 pages = {800-809},
 title = {{Limits on Chromospheres and Convection among the Main-Sequence A Stars}},
 volume = {579},
 year = {2002}
}

@article{2002MNRAS.330L...6K,
 adsnote = {Provided by the SAO/NASA Astrophysics Data System},
 adsurl = {https://ui.adsabs.harvard.edu/abs/2002MNRAS.330L...6K},
 archiveprefix = {arXiv},
 author = {{Kupka}, F. and {Montgomery}, M.~H.},
 doi = {10.1046/j.1365-8711.2002.05268.x},
 eprint = {astro-ph/0112401},
 journal = {\mnras},
 keywords = {CONVECTION, STARS: ATMOSPHERES, STARS: INTERIORS, Astrophysics},
 month = {February},
 number = {1},
 pages = {L6-L10},
 primaryclass = {astro-ph},
 title = {{A-star envelopes: a test of local and non-local models of convection}},
 volume = {330},
 year = {2002}
}

@article{2003A&A...407.1067S,
 adsnote = {Provided by the SAO/NASA Astrophysics Data System},
 adsurl = {https://ui.adsabs.harvard.edu/abs/2003A&A...407.1067S},
 archiveprefix = {arXiv},
 author = {{Stelzer}, B. and {Hu{\'e}lamo}, N. and {Hubrig}, S. and {Zinnecker}, H. and {Micela}, G.},
 doi = {10.1051/0004-6361:20030934},
 eprint = {astro-ph/0306401},
 journal = {\aap},
 keywords = {X-rays: stars, stars: early-type, late-type, coronae, activity, Astrophysics},
 month = {September},
 pages = {1067-1078},
 primaryclass = {astro-ph},
 title = {{Late B-type stars and their candidate companions resolved with Chandra}},
 volume = {407},
 year = {2003}
}

@article{2004A&A...417..651S,
 adsnote = {Provided by the SAO/NASA Astrophysics Data System},
 adsurl = {https://ui.adsabs.harvard.edu/abs/2004A&A...417..651S},
 archiveprefix = {arXiv},
 author = {{Schmitt}, J.~H.~M.~M. and {Liefke}, C.},
 doi = {10.1051/0004-6361:20030495},
 eprint = {astro-ph/0308510},
 journal = {\aap},
 keywords = {stars: activity, stars: coronae, stars: late-type, X-rays: stars, Astrophysics},
 month = {April},
 pages = {651-665},
 primaryclass = {astro-ph},
 title = {{NEXXUS: A comprehensive ROSAT survey of coronal X-ray emission among nearby solar-like stars}},
 volume = {417},
 year = {2004}
}

@article{2004ApJ...614..221S,
 adsnote = {Provided by the SAO/NASA Astrophysics Data System},
 adsurl = {https://ui.adsabs.harvard.edu/abs/2004ApJ...614..221S},
 archiveprefix = {arXiv},
 author = {{Skinner}, Stephen L. and {G{\"u}del}, Manuel and {Audard}, Marc and {Smith}, Kester},
 doi = {10.1086/422708},
 eprint = {astro-ph/0405450},
 journal = {\apj},
 keywords = {Stars: Emission-Line, Be, Stars: Individual: Henry Draper Number: HD 104237, Stars: Individual: Henry Draper Number: HD 150193, Stars: Individual: Henry Draper Number: HD 163296, Stars: Individual: Constellation Name: R Coronae Australis, Stars: Individual: Constellation Name: T Coronae Australis, Stars: Pre-Main-Sequence, X-Rays: Stars, Astrophysics},
 month = {October},
 number = {1},
 pages = {221-234},
 primaryclass = {astro-ph},
 title = {{New Perspectives on the X-Ray Emission of HD 104237 and Other Nearby Herbig Ae/Be Stars from XMM-Newton and Chandra}},
 volume = {614},
 year = {2004}
}

@article{2005A&A...440..727H,
 adsnote = {Provided by the SAO/NASA Astrophysics Data System},
 adsurl = {https://ui.adsabs.harvard.edu/abs/2005A&A...440..727H},
 author = {{Hempel}, M. and {Robrade}, J. and {Ness}, J. -U. and {Schmitt}, J.~H.~M.~M.},
 doi = {10.1051/0004-6361:20042596},
 journal = {\aap},
 keywords = {stars: activity, stars: circumstellar matter, stars: individual: HR 2020, ultraviolet: stars, X-rays: stars},
 month = {September},
 number = {2},
 pages = {727-734},
 title = {{Detection of X-ray emission from {\ensuremath{\beta}} Pictoris with XMM-Newton: a cool corona, a boundary layer or what?}},
 volume = {440},
 year = {2005}
}

@article{2005ApJ...618..360H,
 adsnote = {Provided by the SAO/NASA Astrophysics Data System},
 adsurl = {https://ui.adsabs.harvard.edu/abs/2005ApJ...618..360H},
 archiveprefix = {arXiv},
 author = {{Hamaguchi}, Kenji and {Yamauchi}, Shigeo and {Koyama}, Katsuji},
 doi = {10.1086/423192},
 eprint = {astro-ph/0406489},
 journal = {\apj},
 keywords = {Radiation Mechanisms: Thermal, Stars: Early-Type, Stars: Evolution, Stars: Magnetic Fields, Stars: Pre-Main-Sequence, X-Rays: Stars, Astrophysics},
 month = {January},
 number = {1},
 pages = {360-384},
 primaryclass = {astro-ph},
 title = {{X-Ray Study of Herbig Ae/Be Stars}},
 volume = {618},
 year = {2005}
}

@article{2005ApJ...628..487S,
 adsnote = {Provided by the SAO/NASA Astrophysics Data System},
 adsurl = {https://ui.adsabs.harvard.edu/abs/2005ApJ...628..487S},
 archiveprefix = {arXiv},
 author = {{Su}, K.~Y.~L. and {Rieke}, G.~H. and {Misselt}, K.~A. and {Stansberry}, J.~A. and {Moro-Martin}, A. and {Stapelfeldt}, K.~R. and {Werner}, M.~W. and {Trilling}, D.~E. and {Bendo}, G.~J. and {Gordon}, K.~D. and {Hines}, D.~C. and {Wyatt}, M.~C. and {Holland}, W.~S. and {Marengo}, M. and {Megeath}, S.~T. and {Fazio}, G.~G.},
 doi = {10.1086/430819},
 eprint = {astro-ph/0504086},
 journal = {\apj},
 keywords = {Stars: Circumstellar Matter, Infrared: Stars, Stars: Planetary Systems, Stars: Individual: Name: Vega, Astrophysics},
 month = {July},
 number = {1},
 pages = {487-500},
 primaryclass = {astro-ph},
 title = {{The Vega Debris Disk: A Surprise from Spitzer}},
 volume = {628},
 year = {2005}
}

@article{2006A&A...449..451B,
 adsnote = {Provided by the SAO/NASA Astrophysics Data System},
 adsurl = {https://ui.adsabs.harvard.edu/abs/2006A&A...449..451B},
 archiveprefix = {arXiv},
 author = {{Braithwaite}, J.},
 doi = {10.1051/0004-6361:20054241},
 eprint = {astro-ph/0509693},
 journal = {\aap},
 keywords = {magnetohydrodynamics (MHD), stars: magnetic fields, stars: rotation, stars: evolution, Sun: rotation, instabilities, Astrophysics},
 month = {April},
 number = {2},
 pages = {451-460},
 primaryclass = {astro-ph},
 title = {{A differential rotation driven dynamo in a stably stratified star}},
 volume = {449},
 year = {2006}
}

@article{2006A&A...457..223S,
 adsnote = {Provided by the SAO/NASA Astrophysics Data System},
 adsurl = {https://ui.adsabs.harvard.edu/abs/2006A&A...457..223S},
 archiveprefix = {arXiv},
 author = {{Stelzer}, B. and {Micela}, G. and {Hamaguchi}, K. and {Schmitt}, J.~H.~M.~M.},
 doi = {10.1051/0004-6361:20065006},
 eprint = {astro-ph/0605590},
 journal = {\aap},
 keywords = {X-rays: stars, stars: early-type, stars: pre-main sequence, stars: activity, binaries: general, Astrophysics},
 month = {October},
 number = {1},
 pages = {223-235},
 primaryclass = {astro-ph},
 title = {{On the origin of the X-ray emission from Herbig Ae/Be stars}},
 volume = {457},
 year = {2006}
}

@article{2006AJ....131.1163S,
 adsnote = {Provided by the SAO/NASA Astrophysics Data System},
 adsurl = {https://ui.adsabs.harvard.edu/abs/2006AJ....131.1163S},
 author = {{Skrutskie}, M.~F. and {Cutri}, R.~M. and {Stiening}, R. and {Weinberg}, M.~D. and {Schneider}, S. and {Carpenter}, J.~M. and {Beichman}, C. and {Capps}, R. and {Chester}, T. and {Elias}, J. and {Huchra}, J. and {Liebert}, J. and {Lonsdale}, C. and {Monet}, D.~G. and {Price}, S. and {Seitzer}, P. and {Jarrett}, T. and {Kirkpatrick}, J.~D. and {Gizis}, J.~E. and {Howard}, E. and {Evans}, T. and {Fowler}, J. and {Fullmer}, L. and {Hurt}, R. and {Light}, R. and {Kopan}, E.~L. and {Marsh}, K.~A. and {McCallon}, H.~L. and {Tam}, R. and {Van Dyk}, S. and {Wheelock}, S.},
 doi = {10.1086/498708},
 journal = {\aj},
 keywords = {Catalogs, Infrared: General, Surveys},
 month = {February},
 number = {2},
 pages = {1163-1183},
 title = {{The Two Micron All Sky Survey (2MASS)}},
 volume = {131},
 year = {2006}
}

@article{2006ApJ...636..426P,
 adsnote = {Provided by the SAO/NASA Astrophysics Data System},
 adsurl = {https://ui.adsabs.harvard.edu/abs/2006ApJ...636..426P},
 author = {{Pease}, Deron O. and {Drake}, Jeremy J. and {Kashyap}, Vinay L.},
 doi = {10.1086/497888},
 journal = {\apj},
 keywords = {Stars: Activity, Stars: Coronae, Stars: Early-Type, Stars: Individual: Name: Vega, Stars: Individual: Constellation Name: {\ensuremath{\alpha}} Lyrae, X-Rays: Stars},
 month = {January},
 number = {1},
 pages = {426-431},
 title = {{The Darkest Bright Star: Chandra X-Ray Observations of Vega}},
 volume = {636},
 year = {2006}
}

@article{2006ApJ...636.1087P,
 adsnote = {Provided by the SAO/NASA Astrophysics Data System},
 adsurl = {https://ui.adsabs.harvard.edu/abs/2006ApJ...636.1087P},
 archiveprefix = {arXiv},
 author = {{Peterson}, D.~M. and {Hummel}, C.~A. and {Pauls}, T.~A. and {Armstrong}, J.~T. and {Benson}, J.~A. and {Gilbreath}, G.~C. and {Hindsley}, R.~B. and {Hutter}, D.~J. and {Johnston}, K.~J. and {Mozurkewich}, D. and {Schmitt}, H.},
 doi = {10.1086/497981},
 eprint = {astro-ph/0509236},
 journal = {\apj},
 keywords = {Stars: Imaging, stars: individual ({\ensuremath{\alpha}} Aql), Stars: Rotation, Techniques: Interferometric, Astrophysics},
 month = {January},
 number = {2},
 pages = {1087-1097},
 primaryclass = {astro-ph},
 title = {{Resolving the Effects of Rotation in Altair with Long-Baseline Interferometry}},
 volume = {636},
 year = {2006}
}

@article{2006ApJ...637..494V,
 adsnote = {Provided by the SAO/NASA Astrophysics Data System},
 adsurl = {https://ui.adsabs.harvard.edu/abs/2006ApJ...637..494V},
 archiveprefix = {arXiv},
 author = {{van Belle}, G.~T. and {Ciardi}, D.~R. and {ten Brummelaar}, T. and {McAlister}, H.~A. and {Ridgway}, S.~T. and {Berger}, D.~H. and {Goldfinger}, P.~J. and {Sturmann}, J. and {Sturmann}, L. and {Turner}, N. and {Boden}, A.~F. and {Thompson}, R.~R. and {Coyne}, J.},
 doi = {10.1086/498334},
 eprint = {astro-ph/0509827},
 journal = {\apj},
 keywords = {Infrared: Stars, Stars: Fundamental Parameters, stars: individual (Alderamin), Techniques: Interferometric, Astrophysics},
 month = {January},
 number = {1},
 pages = {494-505},
 primaryclass = {astro-ph},
 title = {{First Results from the CHARA Array. III. Oblateness, Rotational Velocity, and Gravity Darkening of Alderamin}},
 volume = {637},
 year = {2006}
}

@inproceedings{2006SPIE.6270E..1VF,
 adsnote = {Provided by the SAO/NASA Astrophysics Data System},
 adsurl = {https://ui.adsabs.harvard.edu/abs/2006SPIE.6270E..1VF},
 author = {{Fruscione}, Antonella and {McDowell}, Jonathan C. and {Allen}, Glenn E. and {Brickhouse}, Nancy S. and {Burke}, Douglas J. and {Davis}, John E. and {Durham}, Nick and {Elvis}, Martin and {Galle}, Elizabeth C. and {Harris}, Daniel E. and {Huenemoerder}, David P. and {Houck}, John C. and {Ishibashi}, Bish and {Karovska}, Margarita and {Nicastro}, Fabrizio and {Noble}, Michael S. and {Nowak}, Michael A. and {Primini}, Frank A. and {Siemiginowska}, Aneta and {Smith}, Randall K. and {Wise}, Michael},
 booktitle = {Society of Photo-Optical Instrumentation Engineers (SPIE) Conference Series},
 doi = {10.1117/12.671760},
 editor = {{Silva}, David R. and {Doxsey}, Rodger E.},
 eid = {62701V},
 month = {June},
 pages = {62701V},
 series = {Society of Photo-Optical Instrumentation Engineers (SPIE) Conference Series},
 title = {{CIAO: Chandra's data analysis system}},
 volume = {6270},
 year = {2006}
}

@article{2007A&A...468..541T,
 adsnote = {Provided by the SAO/NASA Astrophysics Data System},
 adsurl = {https://ui.adsabs.harvard.edu/abs/2007A&A...468..541T},
 archiveprefix = {arXiv},
 author = {{Telleschi}, A. and {G{\"u}del}, M. and {Briggs}, K.~R. and {Skinner}, S.~L. and {Audard}, M. and {Franciosini}, E.},
 doi = {10.1051/0004-6361:20065422},
 eprint = {astro-ph/0610456},
 journal = {\aap},
 keywords = {stars: coronae, stars: formation, stars: pre-main sequence, stars: magnetic fields, X-rays: stars, stars: individual: AB Aurigae, Astrophysics},
 month = {June},
 number = {2},
 pages = {541-556},
 primaryclass = {astro-ph},
 title = {{The first high-resolution X-ray spectrum of a Herbig star: AB Aurigae}},
 volume = {468},
 year = {2007}
}

@article{2007A&A...474..653V,
 adsnote = {Provided by the SAO/NASA Astrophysics Data System},
 adsurl = {https://ui.adsabs.harvard.edu/abs/2007A&A...474..653V},
 archiveprefix = {arXiv},
 author = {{van Leeuwen}, F.},
 doi = {10.1051/0004-6361:20078357},
 eprint = {0708.1752},
 journal = {\aap},
 keywords = {space vehicles: instruments, methods: data analysis, catalogs, astrometry, instrumentation: miscellaneous, Astrophysics},
 month = {November},
 number = {2},
 pages = {653-664},
 primaryclass = {astro-ph},
 title = {{Validation of the new Hipparcos reduction}},
 volume = {474},
 year = {2007}
}

@article{2007A&A...475..677S,
 adsnote = {Provided by the SAO/NASA Astrophysics Data System},
 adsurl = {https://ui.adsabs.harvard.edu/abs/2007A&A...475..677S},
 author = {{Schr{\"o}der}, C. and {Schmitt}, J.~H.~M.~M.},
 doi = {10.1051/0004-6361:20077429},
 journal = {\aap},
 keywords = {X-rays: stars, stars: activity, stars: coronae, stars: general},
 month = {November},
 number = {2},
 pages = {677-684},
 title = {{X-ray emission from A-type stars}},
 volume = {475},
 year = {2007}
}

@inproceedings{2007ASPC..376..543D,
 adsnote = {Provided by the SAO/NASA Astrophysics Data System},
 adsurl = {http://adsabs.harvard.edu/abs/2007ASPC..376..543D},
 author = {{Doe}, S. and {Nguyen}, D. and {Stawarz}, C. and {Refsdal}, B. and
{Siemiginowska}, A. and {Burke}, D. and {Evans}, I. and {Evans}, J. and
{McDowell}, J. and {Houck}, J. and {Nowak}, M.},
 booktitle = {Astronomical Data Analysis Software and Systems XVI},
 editor = {{Shaw}, R.~A. and {Hill}, F. and {Bell}, D.~J.},
 month = {October},
 pages = {543},
 series = {Astronomical Society of the Pacific Conference Series},
 title = {{Developing Sherpa with Python}},
 volume = {376},
 year = {2007}
}

@article{2007Sci...317..342M,
 adsnote = {Provided by the SAO/NASA Astrophysics Data System},
 adsurl = {https://ui.adsabs.harvard.edu/abs/2007Sci...317..342M},
 archiveprefix = {arXiv},
 author = {{Monnier}, John D. and {Zhao}, M. and {Pedretti}, E. and {Thureau}, N. and {Ireland}, M. and {Muirhead}, P. and {Berger}, J. -P. and {Millan-Gabet}, R. and {Van Belle}, G. and {ten Brummelaar}, T. and {McAlister}, H. and {Ridgway}, S. and {Turner}, N. and {Sturmann}, L. and {Sturmann}, J. and {Berger}, D.},
 doi = {10.1126/science.1143205},
 eprint = {0706.0867},
 journal = {Science},
 keywords = {ASTRONOMY, Astrophysics},
 month = {July},
 number = {5836},
 pages = {342},
 primaryclass = {astro-ph},
 title = {{Imaging the Surface of Altair}},
 volume = {317},
 year = {2007}
}

@article{2008ApJ...685..478N,
 adsnote = {Provided by the SAO/NASA Astrophysics Data System},
 adsurl = {https://ui.adsabs.harvard.edu/abs/2008ApJ...685..478N},
 archiveprefix = {arXiv},
 author = {{Neff}, James E. and {Simon}, Theodore},
 doi = {10.1086/590423},
 eprint = {0805.4459},
 journal = {\apj},
 keywords = {stars: activity, stars: chromospheres, stars: late-type, ultraviolet: stars, Astrophysics},
 month = {September},
 number = {1},
 pages = {478-488},
 primaryclass = {astro-ph},
 title = {{O VI Observations of the Onset of Convection Zones in Main-Sequence A Stars}},
 volume = {685},
 year = {2008}
}

@article{2008ApJ...687..579T,
 adsnote = {Provided by the SAO/NASA Astrophysics Data System},
 adsurl = {https://ui.adsabs.harvard.edu/abs/2008ApJ...687..579T},
 archiveprefix = {arXiv},
 author = {{Testa}, Paola and {Huenemoerder}, David P. and {Schulz}, Norbert S. and {Ishibashi}, Kazunori},
 doi = {10.1086/591485},
 eprint = {0807.0059},
 journal = {\apj},
 keywords = {stars: individual: HD 104237, stars: late-type, X-rays: stars, Astrophysics},
 month = {November},
 number = {1},
 pages = {579-597},
 primaryclass = {astro-ph},
 title = {{X-Ray Emission from Young Stellar Objects in the epsilon Chamaeleontis Group: The Herbig Ae Star HD 104237 and Associated Low-Mass Stars}},
 volume = {687},
 year = {2008}
}

@article{2008Sci...322.1348M,
 adsnote = {Provided by the SAO/NASA Astrophysics Data System},
 adsurl = {https://ui.adsabs.harvard.edu/abs/2008Sci...322.1348M},
 archiveprefix = {arXiv},
 author = {{Marois}, Christian and {Macintosh}, Bruce and {Barman}, Travis and {Zuckerman}, B. and {Song}, Inseok and {Patience}, Jennifer and {Lafreni{\`e}re}, David and {Doyon}, Ren{\'e}},
 doi = {10.1126/science.1166585},
 eprint = {0811.2606},
 journal = {Science},
 keywords = {Astrophysics},
 month = {November},
 number = {5906},
 pages = {1348},
 primaryclass = {astro-ph},
 title = {{Direct Imaging of Multiple Planets Orbiting the Star HR 8799}},
 volume = {322},
 year = {2008}
}

@article{2009A&A...493.1109S,
 adsnote = {Provided by the SAO/NASA Astrophysics Data System},
 adsurl = {https://ui.adsabs.harvard.edu/abs/2009A&A...493.1109S},
 archiveprefix = {arXiv},
 author = {{Stelzer}, B. and {Robrade}, J. and {Schmitt}, J.~H.~M.~M. and {Bouvier}, J.},
 doi = {10.1051/0004-6361:200810540},
 eprint = {0810.1836},
 journal = {\aap},
 keywords = {X-rays: stars, stars: early-type, stars: pre-main sequence, stars: activity, stars: coronae, stars: binaries: general, Astrophysics},
 month = {January},
 number = {3},
 pages = {1109-1119},
 primaryclass = {astro-ph},
 title = {{New X-ray detections of Herbig stars}},
 volume = {493},
 year = {2009}
}

@article{2009A&A...494.1041G,
 adsnote = {Provided by the SAO/NASA Astrophysics Data System},
 adsurl = {https://ui.adsabs.harvard.edu/abs/2009A&A...494.1041G},
 archiveprefix = {arXiv},
 author = {{G{\"u}nther}, H.~M. and {Schmitt}, J.~H.~M.~M.},
 doi = {10.1051/0004-6361:200811007},
 eprint = {0812.0285},
 journal = {\aap},
 keywords = {stars: formation, stars: individual: HD 163296, X-rays: stars, stars: emission-line, Be, stars: winds, outflows, Astrophysics},
 month = {February},
 number = {3},
 pages = {1041-1051},
 primaryclass = {astro-ph},
 title = {{The enigmatic X-rays from the Herbig star HD 163296: Jet, accretion, or corona?}},
 volume = {494},
 year = {2009}
}

@article{2009A&A...497..511R,
 adsnote = {Provided by the SAO/NASA Astrophysics Data System},
 adsurl = {https://ui.adsabs.harvard.edu/abs/2009A&A...497..511R},
 archiveprefix = {arXiv},
 author = {{Robrade}, J. and {Schmitt}, J.~H.~M.~M.},
 doi = {10.1051/0004-6361/200811348},
 eprint = {0903.0966},
 journal = {\aap},
 keywords = {stars: individual: Altair, stars: activity, stars: coronae, X-rays: stars, Astrophysics - Solar and Stellar Astrophysics},
 month = {April},
 number = {2},
 pages = {511-520},
 primaryclass = {astro-ph.SR},
 title = {{Altair - the ``hottest'' magnetically active star in X-rays}},
 volume = {497},
 year = {2009}
}

@article{2009A&A...500L..41L,
 adsnote = {Provided by the SAO/NASA Astrophysics Data System},
 adsurl = {https://ui.adsabs.harvard.edu/abs/2009A&A...500L..41L},
 archiveprefix = {arXiv},
 author = {{Ligni{\`e}res}, F. and {Petit}, P. and {B{\"o}hm}, T. and {Auri{\`e}re}, M.},
 doi = {10.1051/0004-6361/200911996},
 eprint = {0903.1247},
 journal = {\aap},
 keywords = {stars: magnetic fields, stars: early-type, stars: individual: <ASTROBJ>Vega</ASTROBJ>, Astrophysics - Solar and Stellar Astrophysics},
 month = {June},
 number = {3},
 pages = {L41-L44},
 primaryclass = {astro-ph.SR},
 title = {{First evidence of a magnetic field on <ASTROBJ>Vega</ASTROBJ>. Towards a new class of magnetic A-type stars}},
 volume = {500},
 year = {2009}
}

@article{2009ApJ...701..209Z,
 adsnote = {Provided by the SAO/NASA Astrophysics Data System},
 adsurl = {https://ui.adsabs.harvard.edu/abs/2009ApJ...701..209Z},
 archiveprefix = {arXiv},
 author = {{Zhao}, M. and {Monnier}, J.~D. and {Pedretti}, E. and {Thureau}, N. and {M{\'e}rand}, A. and {ten Brummelaar}, T. and {McAlister}, H. and {Ridgway}, S.~T. and {Turner}, N. and {Sturmann}, J. and {Sturmann}, L. and {Goldfinger}, P.~J. and {Farrington}, C.},
 doi = {10.1088/0004-637X/701/1/209},
 eprint = {0906.2241},
 journal = {\apj},
 keywords = {infrared: stars, stars: fundamental parameters, stars: imaging, stars: individual: {\ensuremath{\alpha}} Ophiuchi {\ensuremath{\alpha}} Cephei, techniques: interferometric, Astrophysics - Solar and Stellar Astrophysics},
 month = {August},
 number = {1},
 pages = {209-224},
 primaryclass = {astro-ph.SR},
 title = {{Imaging and Modeling Rapidly Rotating Stars: {\ensuremath{\alpha}} Cephei and {\ensuremath{\alpha}} Ophiuchi}},
 volume = {701},
 year = {2009}
}

@article{2010A&A...516A..38R,
 adsnote = {Provided by the SAO/NASA Astrophysics Data System},
 adsurl = {https://ui.adsabs.harvard.edu/abs/2010A&A...516A..38R},
 archiveprefix = {arXiv},
 author = {{Robrade}, J. and {Schmitt}, J.~H.~M.~M.},
 doi = {10.1051/0004-6361/201014027},
 eid = {A38},
 eprint = {1004.1318},
 journal = {\aap},
 keywords = {stars: activity, stars: coronae, stars: individual: HR 8799, X-rays: stars, Astrophysics - Solar and Stellar Astrophysics},
 month = {June},
 pages = {A38},
 primaryclass = {astro-ph.SR},
 title = {{X-ray emission from the remarkable A-type star HR 8799}},
 volume = {516},
 year = {2010}
}

@article{2010A&A...523A..41P,
 adsnote = {Provided by the SAO/NASA Astrophysics Data System},
 adsurl = {https://ui.adsabs.harvard.edu/abs/2010A&A...523A..41P},
 archiveprefix = {arXiv},
 author = {{Petit}, P. and {Ligni{\`e}res}, F. and {Wade}, G.~A. and {Auri{\`e}re}, M. and {B{\"o}hm}, T. and {Bagnulo}, S. and {Dintrans}, B. and {Fumel}, A. and {Grunhut}, J. and {Lanoux}, J. and {Morgenthaler}, A. and {Van Grootel}, V.},
 doi = {10.1051/0004-6361/201015307},
 eid = {A41},
 eprint = {1006.5868},
 journal = {\aap},
 keywords = {stars: magnetic field, stars: rotation, stars: atmospheres, stars: imaging, stars: individual: Vega, Astrophysics - Solar and Stellar Astrophysics},
 month = {November},
 pages = {A41},
 primaryclass = {astro-ph.SR},
 title = {{The rapid rotation and complex magnetic field geometry of Vega}},
 volume = {523},
 year = {2010}
}

@article{2010ApJ...708...71Y,
 adsnote = {Provided by the SAO/NASA Astrophysics Data System},
 adsurl = {https://ui.adsabs.harvard.edu/abs/2010ApJ...708...71Y},
 author = {{Yoon}, Jinmi and {Peterson}, Deane M. and {Kurucz}, Robert L. and {Zagarello}, Robert J.},
 doi = {10.1088/0004-637X/708/1/71},
 journal = {\apj},
 keywords = {stars: chemically peculiar, stars: evolution, stars: fundamental parameters: metallicity mass age, stars: individual: Vega, stars: rotation},
 month = {January},
 number = {1},
 pages = {71-79},
 title = {{A New View of Vega's Composition, Mass, and Age}},
 volume = {708},
 year = {2010}
}

@article{2010ApJ...708.1760G,
 adsnote = {Provided by the SAO/NASA Astrophysics Data System},
 adsurl = {https://ui.adsabs.harvard.edu/abs/2010ApJ...708.1760G},
 archiveprefix = {arXiv},
 author = {{Getman}, Konstantin V. and {Feigelson}, Eric D. and {Broos}, Patrick S. and {Townsley}, Leisa K. and {Garmire}, Gordon P.},
 doi = {10.1088/0004-637X/708/2/1760},
 eprint = {0912.0202},
 journal = {\apj},
 keywords = {methods: data analysis, methods: statistical, open clusters and associations: individual: M17, techniques: photometric, X-rays: general, X-rays: stars, Astrophysics - Solar and Stellar Astrophysics, Astrophysics - Astrophysics of Galaxies, Astrophysics - High Energy Astrophysical Phenomena, Astrophysics - Instrumentation and Methods for Astrophysics},
 month = {January},
 number = {2},
 pages = {1760-1771},
 primaryclass = {astro-ph.SR},
 title = {{Methods for Estimating Fluxes and Absorptions of Faint X-ray Sources}},
 volume = {708},
 year = {2010}
}

@article{2010ApJ...712..250H,
 adsnote = {Provided by the SAO/NASA Astrophysics Data System},
 adsurl = {https://ui.adsabs.harvard.edu/abs/2010ApJ...712..250H},
 author = {{Hill}, Graham and {Gulliver}, Austin F. and {Adelman}, Saul J.},
 doi = {10.1088/0004-637X/712/1/250},
 journal = {\apj},
 keywords = {methods: numerical, stars: atmospheres, stars: fundamental parameters, stars: individual: Vega, stars: rotation},
 month = {March},
 number = {1},
 pages = {250-259},
 title = {{A Study of Vega: A Rapidly Rotating Pole-On Star}},
 volume = {712},
 year = {2010}
}

@article{2010ApJ...719..900K,
 adsnote = {Provided by the SAO/NASA Astrophysics Data System},
 adsurl = {https://ui.adsabs.harvard.edu/abs/2010ApJ...719..900K},
 archiveprefix = {arXiv},
 author = {{Kashyap}, Vinay L. and {van Dyk}, David A. and {Connors}, Alanna and {Freeman}, Peter E. and {Siemiginowska}, Aneta and {Xu}, Jin and {Zezas}, Andreas},
 doi = {10.1088/0004-637X/719/1/900},
 eprint = {1006.4334},
 journal = {\apj},
 keywords = {methods: data analysis, methods: statistical, Astrophysics - Instrumentation and Methods for Astrophysics, Astrophysics - High Energy Astrophysical Phenomena, Statistics - Applications},
 month = {August},
 number = {1},
 pages = {900-914},
 primaryclass = {astro-ph.IM},
 title = {{On Computing Upper Limits to Source Intensities}},
 volume = {719},
 year = {2010}
}

@article{2010ApJ...723.1599M,
 adsnote = {Provided by the SAO/NASA Astrophysics Data System},
 adsurl = {https://ui.adsabs.harvard.edu/abs/2010ApJ...723.1599M},
 archiveprefix = {arXiv},
 author = {{Macdonald}, J. and {Mullan}, D.~J.},
 doi = {10.1088/0004-637X/723/2/1599},
 eprint = {1006.1308},
 journal = {\apj},
 keywords = {stars: abundances, stars: activity, stars: evolution, stars: late-type, stars: pre-main sequence, Astrophysics - Solar and Stellar Astrophysics},
 month = {November},
 number = {2},
 pages = {1599-1606},
 primaryclass = {astro-ph.SR},
 title = {{Magneto-convection and Lithium Age Estimates of the {\ensuremath{\beta}} Pictoris Moving Group}},
 volume = {723},
 year = {2010}
}

@article{2011A&A...531A..58R,
 adsnote = {Provided by the SAO/NASA Astrophysics Data System},
 adsurl = {https://ui.adsabs.harvard.edu/abs/2011A&A...531A..58R},
 archiveprefix = {arXiv},
 author = {{Robrade}, J. and {Schmitt}, J.~H.~M.~M.},
 doi = {10.1051/0004-6361/201116843},
 eid = {A58},
 eprint = {1105.3688},
 journal = {\aap},
 keywords = {stars: activity, stars: chemically peculiar, stars: individual:{\ensuremath{\alpha}}2CVn, stars: individual: IQ Aur, X-rays: stars, Astrophysics - Solar and Stellar Astrophysics},
 month = {July},
 pages = {A58},
 primaryclass = {astro-ph.SR},
 title = {{New X-ray observations of IQ Aurigae and {\ensuremath{\alpha}}$^{2}$ Canum Venaticorum. Probing the magnetically channeled wind shock model in A0p stars}},
 volume = {531},
 year = {2011}
}

@article{2011ApJ...736L..32Q,
 adsnote = {Provided by the SAO/NASA Astrophysics Data System},
 adsurl = {https://ui.adsabs.harvard.edu/abs/2011ApJ...736L..32Q},
 archiveprefix = {arXiv},
 author = {{Quanz}, Sascha P. and {Kenworthy}, Matthew A. and {Meyer}, Michael R. and {Girard}, Julien H.~V. and {Kasper}, Markus},
 doi = {10.1088/2041-8205/736/2/L32},
 eid = {L32},
 eprint = {1106.4528},
 journal = {\apjl},
 keywords = {planetary systems, planets and satellites: detection, planets and satellites: formation, stars: formation, stars: individual: HD172555 HD115892, Astrophysics - Earth and Planetary Astrophysics, Astrophysics - Astrophysics of Galaxies},
 month = {August},
 number = {2},
 pages = {L32},
 primaryclass = {astro-ph.EP},
 title = {{Searching for Gas Giant Planets on Solar System Scales: VLT NACO/APP Observations of the Debris Disk Host Stars HD172555 and HD115892}},
 volume = {736},
 year = {2011}
}

@article{2011ApJ...743...48W,
 adsnote = {Provided by the SAO/NASA Astrophysics Data System},
 adsurl = {https://ui.adsabs.harvard.edu/abs/2011ApJ...743...48W},
 archiveprefix = {arXiv},
 author = {{Wright}, Nicholas J. and {Drake}, Jeremy J. and {Mamajek}, Eric E. and {Henry}, Gregory W.},
 doi = {10.1088/0004-637X/743/1/48},
 eid = {48},
 eprint = {1109.4634},
 journal = {\apj},
 keywords = {stars: activity, stars: coronae, stars: evolution, stars: late-type, stars: magnetic field, stars: rotation, X-rays: stars, Astrophysics - Solar and Stellar Astrophysics},
 month = {December},
 number = {1},
 pages = {48},
 primaryclass = {astro-ph.SR},
 title = {{The Stellar-activity-Rotation Relationship and the Evolution of Stellar Dynamos}},
 volume = {743},
 year = {2011}
}

@article{2011MNRAS.415.1691B,
 adsnote = {Provided by the SAO/NASA Astrophysics Data System},
 adsurl = {https://ui.adsabs.harvard.edu/abs/2011MNRAS.415.1691B},
 author = {{Balona}, L.~A.},
 doi = {10.1111/j.1365-2966.2011.18813.x},
 journal = {\mnras},
 keywords = {stars: activity, stars: oscillations, stars: rotation, starspots, stars: variables: general},
 month = {August},
 number = {2},
 pages = {1691-1702},
 title = {{Rotational light variations in Kepler observations of A-type stars}},
 volume = {415},
 year = {2011}
}

@article{2012A&ARv..20...51V,
 adsnote = {Provided by the SAO/NASA Astrophysics Data System},
 adsurl = {https://ui.adsabs.harvard.edu/abs/2012A&ARv..20...51V},
 archiveprefix = {arXiv},
 author = {{van Belle}, Gerard T.},
 doi = {10.1007/s00159-012-0051-2},
 eid = {51},
 eprint = {1204.2572},
 journal = {\aapr},
 keywords = {Stars: rotation, Stars: imaging, Stars: fundamental parameters, Techniques: interferometric, Techniques: high angular resolution, Stars: individual: Altair, Alderamin, Achernar, Regulus, Vega, Rasalhague, Caph, Astrophysics - Solar and Stellar Astrophysics, Astrophysics - Instrumentation and Methods for Astrophysics},
 month = {March},
 number = {1},
 pages = {51},
 primaryclass = {astro-ph.SR},
 title = {{Interferometric observations of rapidly rotating stars}},
 volume = {20},
 year = {2012}
}

@article{2012AJ....143..135V,
 adsnote = {Provided by the SAO/NASA Astrophysics Data System},
 adsurl = {https://ui.adsabs.harvard.edu/abs/2012AJ....143..135V},
 archiveprefix = {arXiv},
 author = {{Vican}, Laura},
 doi = {10.1088/0004-6256/143/6/135},
 eid = {135},
 eprint = {1203.1966},
 journal = {\aj},
 keywords = {stars: activity, stars: evolution, stars: rotation, Astrophysics - Solar and Stellar Astrophysics},
 month = {June},
 number = {6},
 pages = {135},
 primaryclass = {astro-ph.SR},
 title = {{Age Determination for 346 Nearby Stars in the Herschel DEBRIS Survey}},
 volume = {143},
 year = {2012}
}

@article{2012ApJ...750...78G,
 adsnote = {Provided by the SAO/NASA Astrophysics Data System},
 adsurl = {https://ui.adsabs.harvard.edu/abs/2012ApJ...750...78G},
 archiveprefix = {arXiv},
 author = {{G{\"u}nther}, H.~M. and {Wolk}, S.~J. and {Drake}, J.~J. and {Lisse}, C.~M. and {Robrade}, J. and {Schmitt}, J.~H.~M.~M.},
 doi = {10.1088/0004-637X/750/1/78},
 eid = {78},
 eprint = {1203.3242},
 journal = {\apj},
 keywords = {stars: activity, stars: chromospheres, stars: coronae, stars: individual: {\ensuremath{\beta}} Pictoris, X-rays: stars, Astrophysics - Solar and Stellar Astrophysics},
 month = {May},
 number = {1},
 pages = {78},
 primaryclass = {astro-ph.SR},
 title = {{Soft Coronal X-Rays from {\ensuremath{\beta}} Pictoris}},
 volume = {750},
 year = {2012}
}

@article{2012ApJ...756..128F,
 adsnote = {Provided by the SAO/NASA Astrophysics Data System},
 adsurl = {https://ui.adsabs.harvard.edu/abs/2012ApJ...756..128F},
 archiveprefix = {arXiv},
 author = {{Foster}, A.~R. and {Ji}, L. and {Smith}, R.~K. and {Brickhouse}, N.~S.},
 doi = {10.1088/0004-637X/756/2/128},
 eid = {128},
 eprint = {1207.0576},
 journal = {\apj},
 keywords = {atomic data, atomic processes, X-rays: general, Astrophysics - High Energy Astrophysical Phenomena, Astrophysics - Instrumentation and Methods for Astrophysics, Astrophysics - Solar and Stellar Astrophysics},
 month = {September},
 number = {2},
 pages = {128},
 primaryclass = {astro-ph.HE},
 title = {{Updated Atomic Data and Calculations for X-Ray Spectroscopy}},
 volume = {756},
 year = {2012}
}

@article{2012MNRAS.423.3420B,
 adsnote = {Provided by the SAO/NASA Astrophysics Data System},
 adsurl = {https://ui.adsabs.harvard.edu/abs/2012MNRAS.423.3420B},
 author = {{Balona}, L.~A.},
 doi = {10.1111/j.1365-2966.2012.21135.x},
 journal = {\mnras},
 keywords = {stars: activity, stars: flare, starspots},
 month = {July},
 number = {4},
 pages = {3420-3429},
 title = {{Kepler observations of flaring in A-F type stars}},
 volume = {423},
 year = {2012}
}

@article{2013A&A...558A..33A,
 adsnote = {Provided by the SAO/NASA Astrophysics Data System},
 adsurl = {https://ui.adsabs.harvard.edu/abs/2013A&A...558A..33A},
 archiveprefix = {arXiv},
 author = {{Astropy Collaboration} and {Robitaille}, Thomas P. and
{Tollerud}, Erik J. and {Greenfield}, Perry and {Droettboom}, Michael and
{Bray}, Erik and {Aldcroft}, Tom and {Davis}, Matt and
{Ginsburg}, Adam and {Price-Whelan}, Adrian M. and
{Kerzendorf}, Wolfgang E. and {Conley}, Alexander and {Crighton}, Neil and
{Barbary}, Kyle and {Muna}, Demitri and {Ferguson}, Henry and
{Grollier}, Fr{\'e}d{\'e}ric and {Parikh}, Madhura M. and
{Nair}, Prasanth H. and {Unther}, Hans M. and {Deil}, Christoph and
{Woillez}, Julien and {Conseil}, Simon and {Kramer}, Roban and
{Turner}, James E.~H. and {Singer}, Leo and {Fox}, Ryan and
{Weaver}, Benjamin A. and {Zabalza}, Victor and {Edwards}, Zachary I. and
{Azalee Bostroem}, K. and {Burke}, D.~J. and {Casey}, Andrew R. and
{Crawford}, Steven M. and {Dencheva}, Nadia and {Ely}, Justin and
{Jenness}, Tim and {Labrie}, Kathleen and {Lim}, Pey Lian and
{Pierfederici}, Francesco and {Pontzen}, Andrew and {Ptak}, Andy and
{Refsdal}, Brian and {Servillat}, Mathieu and {Streicher}, Ole},
 doi = {10.1051/0004-6361/201322068},
 eid = {A33},
 eprint = {1307.6212},
 journal = {\aap},
 keywords = {methods: data analysis, methods: miscellaneous, virtual observatory tools, Astrophysics - Instrumentation and Methods for Astrophysics},
 month = {Oct},
 pages = {A33},
 primaryclass = {astro-ph.IM},
 title = {{Astropy: A community Python package for astronomy}},
 volume = {558},
 year = {2013}
}

@article{2013ApJ...767...96W,
 adsnote = {Provided by the SAO/NASA Astrophysics Data System},
 adsurl = {https://ui.adsabs.harvard.edu/abs/2013ApJ...767...96W},
 author = {{Weinberger}, Alycia J. and {Anglada-Escud{\'e}}, Guillem and {Boss}, Alan P.},
 doi = {10.1088/0004-637X/767/1/96},
 eid = {96},
 journal = {\apj},
 month = {April},
 number = {1},
 pages = {96},
 title = {{Erratum: ``Distance and Kinematics of the TW Hydrae Association from Parallaxes'' <A href=``/abs/2013ApJ...762..118W''>(2013, ApJ, 762, 118)</A>}},
 volume = {767},
 year = {2013}
}

@article{2013ApJ...776....4N,
 adsnote = {Provided by the SAO/NASA Astrophysics Data System},
 adsurl = {https://ui.adsabs.harvard.edu/abs/2013ApJ...776....4N},
 archiveprefix = {arXiv},
 author = {{Nielsen}, Eric L. and {Liu}, Michael C. and {Wahhaj}, Zahed and {Biller}, Beth A. and {Hayward}, Thomas L. and {Close}, Laird M. and {Males}, Jared R. and {Skemer}, Andrew J. and {Chun}, Mark and {Ftaclas}, Christ and {Alencar}, Silvia H.~P. and {Artymowicz}, Pawel and {Boss}, Alan and {Clarke}, Fraser and {de Gouveia Dal Pino}, Elisabete and {Gregorio-Hetem}, Jane and {Hartung}, Markus and {Ida}, Shigeru and {Kuchner}, Marc and {Lin}, Douglas N.~C. and {Reid}, I. Neill and {Shkolnik}, Evgenya L. and {Tecza}, Matthias and {Thatte}, Niranjan and {Toomey}, Douglas W.},
 doi = {10.1088/0004-637X/776/1/4},
 eid = {4},
 eprint = {1306.1233},
 journal = {\apj},
 keywords = {brown dwarfs, instrumentation: adaptive optics, planetary systems, planets and satellites: detection, stars: individual: HIP 79797, Astrophysics - Earth and Planetary Astrophysics, Astrophysics - Solar and Stellar Astrophysics},
 month = {October},
 number = {1},
 pages = {4},
 primaryclass = {astro-ph.EP},
 title = {{The Gemini NICI Planet-Finding Campaign: The Frequency of Giant Planets around Young B and A Stars}},
 volume = {776},
 year = {2013}
}

@article{2013ApJS..208....9P,
 adsnote = {Provided by the SAO/NASA Astrophysics Data System},
 adsurl = {https://ui.adsabs.harvard.edu/abs/2013ApJS..208....9P},
 archiveprefix = {arXiv},
 author = {{Pecaut}, Mark J. and {Mamajek}, Eric E.},
 doi = {10.1088/0067-0049/208/1/9},
 eid = {9},
 eprint = {1307.2657},
 journal = {\apjs},
 keywords = {open clusters and associations: individual: {\ensuremath{\eta}} Cha cluster TW Hydra Association {\ensuremath{\beta}} Pic Moving Group Tucana-Horologium Association, stars: fundamental parameters, stars: pre-main sequence, Astrophysics - Solar and Stellar Astrophysics},
 month = {September},
 number = {1},
 pages = {9},
 primaryclass = {astro-ph.SR},
 title = {{Intrinsic Colors, Temperatures, and Bolometric Corrections of Pre-main-sequence Stars}},
 volume = {208},
 year = {2013}
}

@article{2014ApJ...786..136D,
 adsnote = {Provided by the SAO/NASA Astrophysics Data System},
 adsurl = {https://ui.adsabs.harvard.edu/abs/2014ApJ...786..136D},
 archiveprefix = {arXiv},
 author = {{Drake}, Jeremy J. and {Braithwaite}, Jonathan and {Kashyap}, Vinay and {G{\"u}nther}, H. Moritz and {Wright}, Nicholas J.},
 doi = {10.1088/0004-637X/786/2/136},
 eid = {136},
 eprint = {1403.6871},
 journal = {\apj},
 keywords = {stars: activity, stars: coronae, stars: magnetic field, Sun: activity, Sun: corona, X-rays: stars, Astrophysics - Solar and Stellar Astrophysics},
 month = {May},
 number = {2},
 pages = {136},
 primaryclass = {astro-ph.SR},
 title = {{Burn Out or Fade Away? On the X-Ray and Magnetic Death of Intermediate Mass Stars}},
 volume = {786},
 year = {2014}
}

@article{2014ApJ...796...24P,
 adsnote = {Provided by the SAO/NASA Astrophysics Data System},
 adsurl = {https://ui.adsabs.harvard.edu/abs/2014ApJ...796...24P},
 archiveprefix = {arXiv},
 author = {{Primini}, F.~A. and {Kashyap}, V.~L.},
 doi = {10.1088/0004-637X/796/1/24},
 eid = {24},
 eprint = {1410.2564},
 journal = {\apj},
 keywords = {methods: data analysis, methods: statistical, X-rays: general, Astrophysics - Instrumentation and Methods for Astrophysics},
 month = {November},
 number = {1},
 pages = {24},
 primaryclass = {astro-ph.IM},
 title = {{Determining X-Ray Source Intensity and Confidence Bounds in Crowded Fields}},
 volume = {796},
 year = {2014}
}

@article{2014MNRAS.437.1216D,
 adsnote = {Provided by the SAO/NASA Astrophysics Data System},
 adsurl = {https://ui.adsabs.harvard.edu/abs/2014MNRAS.437.1216D},
 archiveprefix = {arXiv},
 author = {{De Rosa}, R.~J. and {Patience}, J. and {Wilson}, P.~A. and {Schneider}, A. and {Wiktorowicz}, S.~J. and {Vigan}, A. and {Marois}, C. and {Song}, I. and {Macintosh}, B. and {Graham}, J.~R. and {Doyon}, R. and {Bessell}, M.~S. and {Thomas}, S. and {Lai}, O.},
 doi = {10.1093/mnras/stt1932},
 eprint = {1311.7141},
 journal = {\mnras},
 keywords = {techniques: high angular resolution, binaries: close, binaries: general, binaries: visual, stars: early-type, Astrophysics - Solar and Stellar Astrophysics},
 month = {January},
 number = {2},
 pages = {1216-1240},
 primaryclass = {astro-ph.SR},
 title = {{The VAST Survey - III. The multiplicity of A-type stars within 75 pc}},
 volume = {437},
 year = {2014}
}

@article{2014yCat....1.2023S,
 adsnote = {Provided by the SAO/NASA Astrophysics Data System},
 adsurl = {https://ui.adsabs.harvard.edu/abs/2014yCat....1.2023S},
 author = {{Skiff}, B.~A.},
 eid = {B/mk},
 journal = {VizieR Online Data Catalog},
 keywords = {Spectral types, MK spectral classification},
 month = {October},
 pages = {B/mk},
 title = {{VizieR Online Data Catalog: Catalogue of Stellar Spectral Classifications (Skiff, 2009- )}},
 year = {2014}
}

@article{2015A&A...577A..64B,
 adsnote = {Provided by the SAO/NASA Astrophysics Data System},
 adsurl = {https://ui.adsabs.harvard.edu/abs/2015A&A...577A..64B},
 archiveprefix = {arXiv},
 author = {{B{\"o}hm}, T. and {Holschneider}, M. and {Ligni{\`e}res}, F. and {Petit}, P. and {Rainer}, M. and {Paletou}, F. and {Wade}, G. and {Alecian}, E. and {Carfantan}, H. and {Blaz{\`e}re}, A. and {Mirouh}, G.~M.},
 doi = {10.1051/0004-6361/201425425},
 eid = {A64},
 eprint = {1411.7789},
 journal = {\aap},
 keywords = {starspots, stars: early-type, stars: rotation, stars: oscillations, stars: individual: Vega, asteroseismology, Astrophysics - Solar and Stellar Astrophysics},
 month = {May},
 pages = {A64},
 primaryclass = {astro-ph.SR},
 title = {{Discovery of starspots on Vega. First spectroscopic detection of surface structures on a normal A-type star}},
 volume = {577},
 year = {2015}
}

@article{2015ApJ...804..146D,
 adsnote = {Provided by the SAO/NASA Astrophysics Data System},
 adsurl = {https://ui.adsabs.harvard.edu/abs/2015ApJ...804..146D},
 archiveprefix = {arXiv},
 author = {{David}, Trevor J. and {Hillenbrand}, Lynne A.},
 doi = {10.1088/0004-637X/804/2/146},
 eid = {146},
 eprint = {1501.03154},
 journal = {\apj},
 keywords = {catalogs, Hertzsprung─Russell and C─M diagrams, planetary systems, stars: early-type, stars: evolution, stars: fundamental parameters, Astrophysics - Solar and Stellar Astrophysics},
 month = {May},
 number = {2},
 pages = {146},
 primaryclass = {astro-ph.SR},
 title = {{The Ages of Early-type Stars: Str{\"o}mgren Photometric Methods Calibrated, Validated, Tested, and Applied to Hosts and Prospective Hosts of Directly Imaged Exoplanets}},
 volume = {804},
 year = {2015}
}

@article{2015MNRAS.454..593B,
 adsnote = {Provided by the SAO/NASA Astrophysics Data System},
 adsurl = {https://ui.adsabs.harvard.edu/abs/2015MNRAS.454..593B},
 archiveprefix = {arXiv},
 author = {{Bell}, Cameron P.~M. and {Mamajek}, Eric E. and {Naylor}, Tim},
 doi = {10.1093/mnras/stv1981},
 eprint = {1508.05955},
 journal = {\mnras},
 keywords = {techniques: photometric, stars: evolution, Hertzsprung-Russell and colour-magnitude diagrams, stars: pre-main-sequence, open clusters and associations: general, solar neighbourhood, Astrophysics - Solar and Stellar Astrophysics, Astrophysics - Astrophysics of Galaxies},
 month = {November},
 number = {1},
 pages = {593-614},
 primaryclass = {astro-ph.SR},
 title = {{A self-consistent, absolute isochronal age scale for young moving groups in the solar neighbourhood}},
 volume = {454},
 year = {2015}
}

@article{2016A&A...591A.118S,
 adsnote = {Provided by the SAO/NASA Astrophysics Data System},
 adsurl = {https://ui.adsabs.harvard.edu/abs/2016A&A...591A.118S},
 archiveprefix = {arXiv},
 author = {{Soubiran}, Caroline and {Le Campion}, Jean-Fran{\c{c}}ois and {Brouillet}, Nathalie and {Chemin}, Laurent},
 doi = {10.1051/0004-6361/201628497},
 eid = {A118},
 eprint = {1605.07384},
 journal = {\aap},
 keywords = {catalogs, stars: abundances, stars: atmospheres, stars: fundamental parameters, Astrophysics - Solar and Stellar Astrophysics, Astrophysics - Astrophysics of Galaxies},
 month = {June},
 pages = {A118},
 primaryclass = {astro-ph.SR},
 title = {{The PASTEL catalogue: 2016 version}},
 volume = {591},
 year = {2016}
}

@article{2016A&A...595A...1G,
 adsnote = {Provided by the SAO/NASA Astrophysics Data System},
 adsurl = {https://ui.adsabs.harvard.edu/abs/2016A&A...595A...1G},
 archiveprefix = {arXiv},
 author = {{Gaia Collaboration} and {Prusti}, T. and {de Bruijne}, J.~H.~J. and {Brown}, A.~G.~A. and {Vallenari}, A. and {Babusiaux}, C. and {Bailer-Jones}, C.~A.~L. and {Bastian}, U. and {Biermann}, M. and {Evans}, D.~W. and et al.},
 doi = {10.1051/0004-6361/201629272},
 eid = {A1},
 eprint = {1609.04153},
 journal = {\aap},
 keywords = {space vehicles: instruments, Galaxy: structure, astrometry, parallaxes, proper motions, telescopes, Astrophysics - Instrumentation and Methods for Astrophysics},
 month = {November},
 pages = {A1},
 primaryclass = {astro-ph.IM},
 title = {{The Gaia mission}},
 volume = {595},
 year = {2016}
}

@article{2017AJ....154..245M,
 adsnote = {Provided by the SAO/NASA Astrophysics Data System},
 adsurl = {https://ui.adsabs.harvard.edu/abs/2017AJ....154..245M},
 archiveprefix = {arXiv},
 author = {{Meshkat}, Tiffany and {Mawet}, Dimitri and {Bryan}, Marta L. and {Hinkley}, Sasha and {Bowler}, Brendan P. and {Stapelfeldt}, Karl R. and {Batygin}, Konstantin and {Padgett}, Deborah and {Morales}, Farisa Y. and {Serabyn}, Eugene and {Christiaens}, Valentin and {Brandt}, Timothy D. and {Wahhaj}, Zahed},
 doi = {10.3847/1538-3881/aa8e9a},
 eid = {245},
 eprint = {1710.04185},
 journal = {\aj},
 keywords = {circumstellar matter, methods: statistical, planets and satellites: detection, techniques: high angular resolution, Astrophysics - Earth and Planetary Astrophysics},
 month = {December},
 number = {6},
 pages = {245},
 primaryclass = {astro-ph.EP},
 title = {{A Direct Imaging Survey of Spitzer-detected Debris Disks: Occurrence of Giant Planets in Dusty Systems}},
 volume = {154},
 year = {2017}
}

@article{2017LRSP...14....4B,
 adsnote = {Provided by the SAO/NASA Astrophysics Data System},
 adsurl = {https://ui.adsabs.harvard.edu/abs/2017LRSP...14....4B},
 author = {{Brun}, Allan Sacha and {Browning}, Matthew K.},
 doi = {10.1007/s41116-017-0007-8},
 eid = {4},
 journal = {Living Reviews in Solar Physics},
 keywords = {Stellar magnetism, Dynamo, Sun: magnetic fields, rotation, Stars: magnetism, rotation, wind, Convection, Magnetohydrodynamics (MHD), Methods: numerical},
 month = {September},
 number = {1},
 pages = {4},
 title = {{Magnetism, dynamo action and the solar-stellar connection}},
 volume = {14},
 year = {2017}
}

@article{2017MNRAS.466.3060P,
 adsnote = {Provided by the SAO/NASA Astrophysics Data System},
 adsurl = {https://ui.adsabs.harvard.edu/abs/2017MNRAS.466.3060P},
 archiveprefix = {arXiv},
 author = {{Pedersen}, M.~G. and {Antoci}, V. and {Korhonen}, H. and {White}, T.~R. and {Jessen-Hansen}, J. and {Lehtinen}, J. and {Nikbakhsh}, S. and {Viuho}, J.},
 doi = {10.1093/mnras/stw3226},
 eprint = {1612.04575},
 journal = {\mnras},
 keywords = {stars: activity, binaries: spectroscopic, circumstellar matter, stars: flare, stars: magnetic field, Astrophysics - Solar and Stellar Astrophysics},
 month = {April},
 number = {3},
 pages = {3060-3076},
 primaryclass = {astro-ph.SR},
 title = {{Do A-type stars flare?}},
 volume = {466},
 year = {2017}
}

@article{2017MNRAS.467.1830B,
 adsnote = {Provided by the SAO/NASA Astrophysics Data System},
 adsurl = {https://ui.adsabs.harvard.edu/abs/2017MNRAS.467.1830B},
 author = {{Balona}, L.~A.},
 doi = {10.1093/mnras/stx265},
 journal = {\mnras},
 keywords = {stars: rotation, starspots},
 month = {May},
 number = {2},
 pages = {1830-1837},
 title = {{Starspots on A stars}},
 volume = {467},
 year = {2017}
}

@article{2018A&A...616A...1G,
 adsnote = {Provided by the SAO/NASA Astrophysics Data System},
 adsurl = {https://ui.adsabs.harvard.edu/abs/2018A&A...616A...1G},
 archiveprefix = {arXiv},
 author = {{Gaia Collaboration} and {Brown}, A.~G.~A. and {Vallenari}, A. and {Prusti}, T. and {de Bruijne}, J.~H.~J. and {Babusiaux}, C. and {Bailer-Jones}, C.~A.~L. and {Biermann}, M. and {Evans}, D.~W. and {Eyer}, L. and et al.},
 doi = {10.1051/0004-6361/201833051},
 eid = {A1},
 eprint = {1804.09365},
 journal = {\aap},
 keywords = {catalogs, astrometry, techniques: radial velocities, stars: fundamental parameters, stars: variables: general, minor planets, asteroids: general, Astrophysics - Astrophysics of Galaxies, Astrophysics - Instrumentation and Methods for Astrophysics},
 month = {August},
 pages = {A1},
 primaryclass = {astro-ph.GA},
 title = {{Gaia Data Release 2. Summary of the contents and survey properties}},
 volume = {616},
 year = {2018}
}

@article{2018AJ....156..123A,
 adsnote = {Provided by the SAO/NASA Astrophysics Data System},
 adsurl = {https://ui.adsabs.harvard.edu/abs/2018AJ....156..123A},
 archiveprefix = {arXiv},
 author = {{Astropy Collaboration} and {Price-Whelan}, A.~M. and {Sip{\H{o}}cz}, B.~M. and {G{\"u}nther}, H.~M. and {Lim}, P.~L. and {Crawford}, S.~M. and {Conseil}, S. and {Shupe}, D.~L. and {Craig}, M.~W. and {Dencheva}, N. and {Ginsburg}, A. and {VanderPlas}, J.~T. and {Bradley}, L.~D. and {P{\'e}rez-Su{\'a}rez}, D. and {de Val-Borro}, M. and {Aldcroft}, T.~L. and {Cruz}, K.~L. and {Robitaille}, T.~P. and {Tollerud}, E.~J. and {Ardelean}, C. and {Babej}, T. and {Bach}, Y.~P. and {Bachetti}, M. and {Bakanov}, A.~V. and {Bamford}, S.~P. and {Barentsen}, G. and {Barmby}, P. and {Baumbach}, A. and {Berry}, K.~L. and {Biscani}, F. and {Boquien}, M. and {Bostroem}, K.~A. and {Bouma}, L.~G. and {Brammer}, G.~B. and {Bray}, E.~M. and {Breytenbach}, H. and {Buddelmeijer}, H. and {Burke}, D.~J. and {Calderone}, G. and {Cano Rodr{\'\i}guez}, J.~L. and {Cara}, M. and {Cardoso}, J.~V.~M. and {Cheedella}, S. and {Copin}, Y. and {Corrales}, L. and {Crichton}, D. and {D'Avella}, D. and {Deil}, C. and {Depagne}, {\'E}. and {Dietrich}, J.~P. and {Donath}, A. and {Droettboom}, M. and {Earl}, N. and {Erben}, T. and {Fabbro}, S. and {Ferreira}, L.~A. and {Finethy}, T. and {Fox}, R.~T. and {Garrison}, L.~H. and {Gibbons}, S.~L.~J. and {Goldstein}, D.~A. and {Gommers}, R. and {Greco}, J.~P. and {Greenfield}, P. and {Groener}, A.~M. and {Grollier}, F. and {Hagen}, A. and {Hirst}, P. and {Homeier}, D. and {Horton}, A.~J. and {Hosseinzadeh}, G. and {Hu}, L. and {Hunkeler}, J.~S. and {Ivezi{\'c}}, {\v{Z}}. and {Jain}, A. and {Jenness}, T. and {Kanarek}, G. and {Kendrew}, S. and {Kern}, N.~S. and {Kerzendorf}, W.~E. and {Khvalko}, A. and {King}, J. and {Kirkby}, D. and {Kulkarni}, A.~M. and {Kumar}, A. and {Lee}, A. and {Lenz}, D. and {Littlefair}, S.~P. and {Ma}, Z. and {Macleod}, D.~M. and {Mastropietro}, M. and {McCully}, C. and {Montagnac}, S. and {Morris}, B.~M. and {Mueller}, M. and {Mumford}, S.~J. and {Muna}, D. and {Murphy}, N.~A. and {Nelson}, S. and {Nguyen}, G.~H. and {Ninan}, J.~P. and {N{\"o}the}, M. and {Ogaz}, S. and {Oh}, S. and {Parejko}, J.~K. and {Parley}, N. and {Pascual}, S. and {Patil}, R. and {Patil}, A.~A. and {Plunkett}, A.~L. and {Prochaska}, J.~X. and {Rastogi}, T. and {Reddy Janga}, V. and {Sabater}, J. and {Sakurikar}, P. and {Seifert}, M. and {Sherbert}, L.~E. and {Sherwood-Taylor}, H. and {Shih}, A.~Y. and {Sick}, J. and {Silbiger}, M.~T. and {Singanamalla}, S. and {Singer}, L.~P. and {Sladen}, P.~H. and {Sooley}, K.~A. and {Sornarajah}, S. and {Streicher}, O. and {Teuben}, P. and {Thomas}, S.~W. and {Tremblay}, G.~R. and {Turner}, J.~E.~H. and {Terr{\'o}n}, V. and {van Kerkwijk}, M.~H. and {de la Vega}, A. and {Watkins}, L.~L. and {Weaver}, B.~A. and {Whitmore}, J.~B. and {Woillez}, J. and {Zabalza}, V. and {Astropy Contributors}},
 doi = {10.3847/1538-3881/aabc4f},
 eid = {123},
 eprint = {1801.02634},
 journal = {\aj},
 keywords = {methods: data analysis, methods: miscellaneous, methods: statistical, reference systems, Astrophysics - Instrumentation and Methods for Astrophysics},
 month = {September},
 number = {3},
 pages = {123},
 primaryclass = {astro-ph.IM},
 title = {{The Astropy Project: Building an Open-science Project and Status of the v2.0 Core Package}},
 volume = {156},
 year = {2018}
}

@article{2018AJ....156..286S,
 adsnote = {Provided by the SAO/NASA Astrophysics Data System},
 adsurl = {https://ui.adsabs.harvard.edu/abs/2018AJ....156..286S},
 archiveprefix = {arXiv},
 author = {{Stone}, Jordan M. and {Skemer}, Andrew J. and {Hinz}, Philip M. and {Bonavita}, Mariangela and {Kratter}, Kaitlin M. and {Maire}, Anne-Lise and {Defrere}, Denis and {Bailey}, Vanessa P. and {Spalding}, Eckhart and {Leisenring}, Jarron M. and {Desidera}, S. and {Bonnefoy}, M. and {Biller}, Beth and {Woodward}, Charles E. and {Henning}, Th. and {Skrutskie}, Michael F. and {Eisner}, J.~A. and {Crepp}, Justin R. and {Patience}, Jennifer and {Weigelt}, Gerd and {De Rosa}, Robert J. and {Schlieder}, Joshua and {Brandner}, Wolfgang and {Apai}, D{\'a}niel and {Su}, Kate and {Ertel}, Steve and {Ward-Duong}, Kimberly and {Morzinski}, Katie M. and {Schertl}, Dieter and {Hofmann}, Karl-Heinz and {Close}, Laird M. and {Brems}, Stefan S. and {Fortney}, Jonathan J. and {Oza}, Apurva and {Buenzli}, Esther and {Bass}, Brandon},
 doi = {10.3847/1538-3881/aaec00},
 eid = {286},
 eprint = {1810.10560},
 journal = {\aj},
 keywords = {planetary systems, planets and satellites: gaseous planets, stars: imaging, techniques: high angular resolution, Astrophysics - Earth and Planetary Astrophysics},
 month = {December},
 number = {6},
 pages = {286},
 primaryclass = {astro-ph.EP},
 title = {{The LEECH Exoplanet Imaging Survey: Limits on Planet Occurrence Rates under Conservative Assumptions}},
 volume = {156},
 year = {2018}
}

@article{2018yCat.1345....0G,
 adsnote = {Provided by the SAO/NASA Astrophysics Data System},
 adsurl = {https://ui.adsabs.harvard.edu/abs/2018yCat.1345....0G},
 author = {{Gaia Collaboration}},
 eid = {I/345},
 journal = {VizieR Online Data Catalog},
 keywords = {Gaia},
 month = {April},
 pages = {I/345},
 title = {{VizieR Online Data Catalog: Gaia DR2 (Gaia Collaboration, 2018)}},
 year = {2018}
}

@article{2019A&A...623A..72K,
 adsnote = {Provided by the SAO/NASA Astrophysics Data System},
 adsurl = {https://ui.adsabs.harvard.edu/abs/2019A&A...623A..72K},
 archiveprefix = {arXiv},
 author = {{Kervella}, Pierre and {Arenou}, Fr{\'e}d{\'e}ric and {Mignard}, Fran{\c{c}}ois and {Th{\'e}venin}, Fr{\'e}d{\'e}ric},
 doi = {10.1051/0004-6361/201834371},
 eid = {A72},
 eprint = {1811.08902},
 journal = {\aap},
 keywords = {astrometry, proper motions, binaries: general, planetary systems, Astrophysics - Solar and Stellar Astrophysics},
 month = {March},
 pages = {A72},
 primaryclass = {astro-ph.SR},
 title = {{Stellar and substellar companions of nearby stars from Gaia DR2. Binarity from proper motion anomaly}},
 volume = {623},
 year = {2019}
}

@article{2019AJ....157...98G,
 adsnote = {Provided by the SAO/NASA Astrophysics Data System},
 adsurl = {http://adsabs.harvard.edu/abs/2019AJ....157...98G},
 archiveprefix = {arXiv},
 author = {{Ginsburg}, A. and {Sip{\H o}cz}, B.~M. and {Brasseur}, C.~E. and
{Cowperthwaite}, P.~S. and {Craig}, M.~W. and {Deil}, C. and
{Guillochon}, J. and {Guzman}, G. and {Liedtke}, S. and {Lian Lim}, P. and
{Lockhart}, K.~E. and {Mommert}, M. and {Morris}, B.~M. and
{Norman}, H. and {Parikh}, M. and {Persson}, M.~V. and {Robitaille}, T.~P. and
{Segovia}, J.-C. and {Singer}, L.~P. and {Tollerud}, E.~J. and
{de Val-Borro}, M. and {Valtchanov}, I. and {Woillez}, J. and
{The Astroquery collaboration} and {a subset of the astropy collaboration}},
 doi = {10.3847/1538-3881/aafc33},
 eid = {98},
 eprint = {1901.04520},
 journal = {\aj},
 keywords = {astronomical databases: miscellaneous, virtual observatory tools},
 month = {March},
 pages = {98},
 primaryclass = {astro-ph.IM},
 title = {{astroquery: An Astronomical Web-querying Package in Python}},
 volume = {157},
 year = {2019}
}

@article{2019ApJ...870...27Z,
 adsnote = {Provided by the SAO/NASA Astrophysics Data System},
 adsurl = {https://ui.adsabs.harvard.edu/abs/2019ApJ...870...27Z},
 archiveprefix = {arXiv},
 author = {{Zuckerman}, B.},
 doi = {10.3847/1538-4357/aaee66},
 eid = {27},
 eprint = {1811.01508},
 journal = {\apj},
 keywords = {stars: evolution, Astrophysics - Solar and Stellar Astrophysics},
 month = {January},
 number = {1},
 pages = {27},
 primaryclass = {astro-ph.SR},
 title = {{The Nearby, Young, Argus Association: Membership, Age, and Dusty Debris Disks}},
 volume = {870},
 year = {2019}
}

@article{2019ApJ...883..106C,
 adsnote = {Provided by the SAO/NASA Astrophysics Data System},
 adsurl = {https://ui.adsabs.harvard.edu/abs/2019ApJ...883..106C},
 archiveprefix = {arXiv},
 author = {{Cantiello}, Matteo and {Braithwaite}, Jonathan},
 doi = {10.3847/1538-4357/ab3924},
 eid = {106},
 eprint = {1904.02161},
 journal = {\apj},
 keywords = {convection, dynamo, stars: flare, stars: magnetic field, starspots, Astrophysics - Solar and Stellar Astrophysics, Astrophysics - High Energy Astrophysical Phenomena},
 month = {September},
 number = {1},
 pages = {106},
 primaryclass = {astro-ph.SR},
 title = {{Envelope Convection, Surface Magnetism, and Spots in A and Late B-type Stars}},
 volume = {883},
 year = {2019}
}

@article{2019MNRAS.487.4695S,
 adsnote = {Provided by the SAO/NASA Astrophysics Data System},
 adsurl = {https://ui.adsabs.harvard.edu/abs/2019MNRAS.487.4695S},
 archiveprefix = {arXiv},
 author = {{Sikora}, J. and {David-Uraz}, A. and {Chowdhury}, S. and {Bowman}, D.~M. and {Wade}, G.~A. and {Khalack}, V. and {Kobzar}, O. and {Kochukhov}, O. and {Neiner}, C. and {Paunzen}, E.},
 doi = {10.1093/mnras/stz1581},
 eprint = {1905.08835},
 journal = {\mnras},
 keywords = {stars: early-type, stars: magnetic field, stars: rotation, Astrophysics - Solar and Stellar Astrophysics},
 month = {August},
 number = {4},
 pages = {4695-4710},
 primaryclass = {astro-ph.SR},
 title = {{MOBSTER - II. Identification of rotationally variable A stars observed with TESS in sectors 1-4}},
 volume = {487},
 year = {2019}
}

@article{2019MNRAS.489.2189L,
 adsnote = {Provided by the SAO/NASA Astrophysics Data System},
 adsurl = {https://ui.adsabs.harvard.edu/abs/2019MNRAS.489.2189L},
 archiveprefix = {arXiv},
 author = {{Lee}, Jinhee and {Song}, Inseok},
 doi = {10.1093/mnras/stz2290},
 eprint = {1908.05922},
 journal = {\mnras},
 keywords = {methods: data analysis, open clusters and associations: general, solar neighbourhood, Astrophysics - Solar and Stellar Astrophysics},
 month = {October},
 number = {2},
 pages = {2189-2194},
 primaryclass = {astro-ph.SR},
 title = {{Evaluation of nearby young moving groups based on unsupervised machine learning}},
 volume = {489},
 year = {2019}
}

@article{2020ApJ...888...15S,
 adsnote = {Provided by the SAO/NASA Astrophysics Data System},
 adsurl = {https://ui.adsabs.harvard.edu/abs/2020ApJ...888...15S},
 author = {{Skinner}, Stephen L. and {G{\"u}del}, Manuel},
 doi = {10.3847/1538-4357/ab585c},
 eid = {15},
 journal = {\apj},
 keywords = {Stellar astronomy, 1583},
 month = {January},
 number = {1},
 pages = {15},
 title = {{X-Ray Emission and Disk Irradiation of HL Tau and HD 100546}},
 volume = {888},
 year = {2020}
}

@article{2020ApJ...902..114W,
 adsnote = {Provided by the SAO/NASA Astrophysics Data System},
 adsurl = {https://ui.adsabs.harvard.edu/abs/2020ApJ...902..114W},
 archiveprefix = {arXiv},
 author = {{Wang}, Song and {Bai}, Yu and {He}, Lin and {Liu}, Jifeng},
 doi = {10.3847/1538-4357/abb66d},
 eid = {114},
 eprint = {2009.02648},
 journal = {\apj},
 keywords = {Late-type stars, Stellar activity, X-ray stars, Young stellar objects, Giant stars, 909, 1580, 1823, 1834, 655, Astrophysics - Solar and Stellar Astrophysics, Astrophysics - High Energy Astrophysical Phenomena},
 month = {October},
 number = {2},
 pages = {114},
 primaryclass = {astro-ph.SR},
 title = {{Stellar X-Ray Activity Across the Hertzsprung-Russell Diagram. I. Catalogs}},
 volume = {902},
 year = {2020}
}

@article{2020Natur.587..387H,
 adsnote = {Provided by the SAO/NASA Astrophysics Data System},
 adsurl = {https://ui.adsabs.harvard.edu/abs/2020Natur.587..387H},
 archiveprefix = {arXiv},
 author = {{Hoadley}, Keri and {Martin}, D. Christopher and {Metzger}, Brian D. and {Seibert}, Mark and {McWilliam}, Andrew and {Shen}, Ken J. and {Neill}, James D. and {Stefansson}, Gudmundur and {Monson}, Andrew and {Schaefer}, Bradley E.},
 doi = {10.1038/s41586-020-2893-5},
 eprint = {2011.09589},
 journal = {\nat},
 keywords = {Astrophysics - Solar and Stellar Astrophysics, Astrophysics - Astrophysics of Galaxies},
 month = {January},
 number = {7834},
 pages = {387-391},
 primaryclass = {astro-ph.SR},
 title = {{A blue ring nebula from a stellar merger several thousand years ago}},
 volume = {587},
 year = {2020}
}

@article{2021AJ....161..157H,
 adsnote = {Provided by the SAO/NASA Astrophysics Data System},
 adsurl = {https://ui.adsabs.harvard.edu/abs/2021AJ....161..157H},
 archiveprefix = {arXiv},
 author = {{Hurt}, Spencer A. and {Quinn}, Samuel N. and {Latham}, David W. and {Vanderburg}, Andrew and {Esquerdo}, Gilbert A. and {Calkins}, Michael L. and {Berlind}, Perry and {Angus}, Ruth and {Latham}, Christian A. and {Zhou}, George},
 doi = {10.3847/1538-3881/abdec8},
 eid = {157},
 eprint = {2101.08801},
 journal = {\aj},
 keywords = {Exoplanet astronomy, Exoplanet detection methods, Exoplanets, Stellar activity, Stellar magnetic fields, Photometry, Radial velocity, Circumstellar disks, 486, 489, 498, 1580, 1610, 1234, 1332, 235, Astrophysics - Earth and Planetary Astrophysics, Astrophysics - Solar and Stellar Astrophysics},
 month = {April},
 number = {4},
 pages = {157},
 primaryclass = {astro-ph.EP},
 title = {{A Decade of Radial-velocity Monitoring of Vega and New Limits on the Presence of Planets}},
 volume = {161},
 year = {2021}
}

@article{2021AJ....161..179B,
 adsnote = {Provided by the SAO/NASA Astrophysics Data System},
 adsurl = {https://ui.adsabs.harvard.edu/abs/2021AJ....161..179B},
 archiveprefix = {arXiv},
 author = {{Brandt}, G. Mirek and {Brandt}, Timothy D. and {Dupuy}, Trent J. and {Li}, Yiting and {Michalik}, Daniel},
 doi = {10.3847/1538-3881/abdc2e},
 eid = {179},
 eprint = {2011.06215},
 journal = {\aj},
 keywords = {Exoplanet astronomy, Exoplanet dynamics, Exoplanet systems, Exoplanet formation, Radial velocity, Pulsating variable stars, Brown dwarfs, Exoplanet evolution, 486, 490, 484, 492, 1332, 1307, 185, 491, Astrophysics - Earth and Planetary Astrophysics},
 month = {April},
 number = {4},
 pages = {179},
 primaryclass = {astro-ph.EP},
 title = {{Precise Dynamical Masses and Orbital Fits for beta Pic {\ensuremath{\beta}} and {\ensuremath{\beta}} Pic c}},
 volume = {161},
 year = {2021}
}

@article{2021AJ....161..186D,
 adsnote = {Provided by the SAO/NASA Astrophysics Data System},
 adsurl = {https://ui.adsabs.harvard.edu/abs/2021AJ....161..186D},
 archiveprefix = {arXiv},
 author = {{Defr{\`e}re}, D. and {Hinz}, P.~M. and {Kennedy}, G.~M. and {Stone}, J. and {Rigley}, J. and {Ertel}, S. and {Gaspar}, A. and {Bailey}, V.~P. and {Hoffmann}, W.~F. and {Mennesson}, B. and {Millan-Gabet}, R. and {Danchi}, W.~C. and {Absil}, O. and {Arbo}, P. and {Beichman}, C. and {Bonavita}, M. and {Brusa}, G. and {Bryden}, G. and {Downey}, E.~C. and {Esposito}, S. and {Grenz}, P. and {Haniff}, C. and {Hill}, J.~M. and {Leisenring}, J.~M. and {Males}, J.~R. and {McMahon}, T.~J. and {Montoya}, M. and {Morzinski}, K.~M. and {Pinna}, E. and {Puglisi}, A. and {Rieke}, G. and {Roberge}, A. and {Rousseau}, H. and {Serabyn}, E. and {Spalding}, E. and {Skemer}, A.~J. and {Stapelfeldt}, K. and {Su}, K. and {Vaz}, A. and {Weinberger}, A.~J. and {Wyatt}, M.~C.},
 doi = {10.3847/1538-3881/abe3ff},
 eid = {186},
 eprint = {2103.03268},
 journal = {\aj},
 keywords = {Exozodiacal dust, Exoplanets, Direct imaging, Long baseline interferometry, 500, 498, 387, 932, Astrophysics - Earth and Planetary Astrophysics, Astrophysics - Solar and Stellar Astrophysics},
 month = {April},
 number = {4},
 pages = {186},
 primaryclass = {astro-ph.EP},
 title = {{The HOSTS Survey: Evidence for an Extended Dust Disk and Constraints on the Presence of Giant Planets in the Habitable Zone of {\ensuremath{\beta}} Leo}},
 volume = {161},
 year = {2021}
}

@article{2021ApJ...909...38D,
 adsnote = {Provided by the SAO/NASA Astrophysics Data System},
 adsurl = {https://ui.adsabs.harvard.edu/abs/2021ApJ...909...38D},
 archiveprefix = {arXiv},
 author = {{Del Zanna}, G. and {Dere}, K.~P. and {Young}, P.~R. and {Landi}, E.},
 doi = {10.3847/1538-4357/abd8ce},
 eid = {38},
 eprint = {2011.05211},
 journal = {\apj},
 keywords = {Atomic spectroscopy, Line intensities, Atomic data benchmarking, Atomic physics, Collision processes, 2099, 2084, 2064, 2063, 2065, Physics - Atomic Physics, Astrophysics - Solar and Stellar Astrophysics},
 month = {March},
 number = {1},
 pages = {38},
 primaryclass = {physics.atom-ph},
 title = {{CHIANTI{\textemdash}An Atomic Database for Emission Lines. XVI. Version 10, Further Extensions}},
 volume = {909},
 year = {2021}
}

@article{Brandenburg+1998,
 adsnote = {Provided by the SAO/NASA Astrophysics Data System},
 adsurl = {https://ui.adsabs.harvard.edu/abs/1998A&A...338L..55B},
 author = {{Brandenburg}, Axel and {Schmitt}, Dieter},
 journal = {\aap},
 keywords = {SUN: MAGNETIC FIELDS, MAGNETOHYDRODYNAMICS, DYNAMO, INSTABILITIES},
 month = {October},
 pages = {L55-L58},
 title = {{Simulations of an alpha-effect due to magnetic buoyancy}},
 volume = {338},
 year = {1998}
}

@misc{doug_burke_2021_4428938,
 adsnote = {Provided by the SAO/NASA Astrophysics Data System},
 adsurl = {https://ui.adsabs.harvard.edu/abs/2021zndo...4428938B},
 author = {{Burke}, Doug and {Laurino}, Omar and {Wmclaugh} and {Dtnguyen2} and {Marie-Terrell} and {G{\"u}nther}, Hans Moritz and {Siemiginowska}, Aneta and {Budynkiewicz}, Jamie and {Aldcroft}, Tom and {Deil}, Christoph and {Sip{\H{o}}cz}, Brigitta and {Buchner}, Johannes and {Laginja}, Iva and {Leinweber}, Katrin and {Nplee} and {Todd}},
 doi = {10.5281/zenodo.4428938},
 eid = {10.5281/zenodo.4428938},
 howpublished = {Zenodo},
 month = {January},
 publisher = {Zenodo},
 title = {{sherpa/sherpa: Sherpa 4.13.0}},
 version = {4.13.0},
 year = {2021}
}

@article{Freund,
 author = {{Freund}, S. et al.},
 journal = {subm.},
 year = {2022}
}

@article{Gondoin+2005,
 adsnote = {Provided by the SAO/NASA Astrophysics Data System},
 adsurl = {https://ui.adsabs.harvard.edu/abs/2005A&A...444..531G},
 author = {{Gondoin}, P.},
 doi = {10.1051/0004-6361:20053567},
 journal = {\aap},
 keywords = {stars: activity, stars: coronae, stars: evolution, stars: late-type, X-rays: stars, stars: magnetic fields},
 month = {December},
 number = {2},
 pages = {531-538},
 title = {{The relation between X-ray activity and rotation in intermediate-mass G giants}},
 volume = {444},
 year = {2005}
}

@article{harris2020array,
 adsnote = {Provided by the SAO/NASA Astrophysics Data System},
 adsurl = {https://ui.adsabs.harvard.edu/abs/2020Natur.585..357H},
 archiveprefix = {arXiv},
 author = {{Harris}, Charles R. and {Millman}, K. Jarrod and {van der Walt}, St{\'e}fan J. and {Gommers}, Ralf and {Virtanen}, Pauli and {Cournapeau}, David and {Wieser}, Eric and {Taylor}, Julian and {Berg}, Sebastian and {Smith}, Nathaniel J. and {Kern}, Robert and {Picus}, Matti and {Hoyer}, Stephan and {van Kerkwijk}, Marten H. and {Brett}, Matthew and {Haldane}, Allan and {del R{\'\i}o}, Jaime Fern{\'a}ndez and {Wiebe}, Mark and {Peterson}, Pearu and {G{\'e}rard-Marchant}, Pierre and {Sheppard}, Kevin and {Reddy}, Tyler and {Weckesser}, Warren and {Abbasi}, Hameer and {Gohlke}, Christoph and {Oliphant}, Travis E.},
 doi = {10.1038/s41586-020-2649-2},
 eprint = {2006.10256},
 journal = {\nat},
 keywords = {Computer Science - Mathematical Software, Statistics - Computation},
 month = {September},
 number = {7825},
 pages = {357-362},
 primaryclass = {cs.MS},
 title = {{Array programming with NumPy}},
 volume = {585},
 year = {2020}
}

@article{Hunter:2007,
 adsnote = {Provided by the SAO/NASA Astrophysics Data System},
 adsurl = {https://ui.adsabs.harvard.edu/abs/2007CSE.....9...90H},
 author = {{Hunter}, John D.},
 doi = {10.1109/MCSE.2007.55},
 journal = {Computing in Science and Engineering},
 keywords = {Python, Scripting languages, Application development, Scientific programming},
 month = {May},
 number = {3},
 pages = {90-95},
 title = {{Matplotlib: A 2D Graphics Environment}},
 volume = {9},
 year = {2007}
}

@article{Pizzolato+2003,
 adsnote = {Provided by the SAO/NASA Astrophysics Data System},
 adsurl = {https://ui.adsabs.harvard.edu/abs/2003A&A...397..147P},
 author = {{Pizzolato}, N. and {Maggio}, A. and {Micela}, G. and {Sciortino}, S. and {Ventura}, P.},
 doi = {10.1051/0004-6361:20021560},
 journal = {\aap},
 keywords = {stars: activity, stars: late-type, X-rays: stars},
 month = {January},
 pages = {147-157},
 title = {{The stellar activity-rotation relationship revisited: Dependence of saturated and non-saturated X-ray emission regimes on stellar mass for late-type dwarfs}},
 volume = {397},
 year = {2003}
}

@article{Preibisch+2005,
 adsnote = {Provided by the SAO/NASA Astrophysics Data System},
 adsurl = {https://ui.adsabs.harvard.edu/abs/2005ApJS..160..390P},
 archiveprefix = {arXiv},
 author = {{Preibisch}, Thomas and {Feigelson}, Eric D.},
 doi = {10.1086/432094},
 eprint = {astro-ph/0506052},
 journal = {\apjs},
 keywords = {Galaxy: Open Clusters and Associations: Individual: Name: Orion Nebula Cluster, Stars: Activity, Stars: Low-Mass, Brown Dwarfs, Stars: Pre-Main-Sequence, X-Rays: Stars, Astrophysics},
 month = {October},
 number = {2},
 pages = {390-400},
 primaryclass = {astro-ph},
 title = {{The Evolution of X-Ray Emission in Young Stars}},
 volume = {160},
 year = {2005}
}

@article{van2011numpy,
 author = {Van Der Walt, Stefan and Colbert, S Chris and Varoquaux, Gael},
 journal = {Computing in Science \& Engineering},
 number = {2},
 pages = {22--30},
 publisher = {AIP Publishing},
 title = {The NumPy array: a structure for efficient numerical computation},
 volume = {13},
 year = {2011}
}

@misc{vizier,
 author = { Ochsenbein F. et. al},
 doi = {10.26093/cds/vizier},
 title = {{ The VizieR database of astronomical catalogues }}
}

